1650 2671
682 83 948 119 ——152—

148 183 301 223 ‹53.Axe,
328 191 402 223 spes
430 185 461 214 et
486 185 590 215 mater
615 181 771 223 fidelium,

218 231 414 273 Diriguntur
438 240 501 272 qua
526 231 616 263 velut
639 231 771 274 remige,

220 281 323 313 Tuum
348 282 428 314 mihi

292 333 464 370 praestans
489 328 703 370 praesidium,

220 380 248 411 A
268 387 441 419 pravorum
460 387 512 409 me
533 380 626 410 coetu
638 381 783 418 protege.

149 447 302 489 64.Ave‚
330 447 431 490 virgo,
461 445 579 478 ancilla
602 445 747 484 Domini,

219 496 382 536 Hymnum
411 498 441 527 ei
468 495 620 527 decorum
640 492 788 535 offerens,

219 544 307 584 Meo,
333 552 461 587 precor,
489 543 572 576 assis
596 542 753 584 genimini

218 593 310 626 Mala
336 597 452 625 cuncta
477 592 517 625 ab
544 600 580 624 eo
607 600 787 624 removens.

148 666 201 697 65.
217 663 298 705 Ave,
329 662 419 694 cuius
445 661 547 701 prolis
573 660 727 693 nativitas

218 710 278 743 Est
304 714 485 743 monstrata

291 768 351 801 per
378 759 493 792 cellam
518 759 679 801 gentibus,

220 809 342 841 Mentis
368 817 461 842 meae
485 817 547 851 per
571 810 604 840 te
630 808 766 840 ariditas

220 858 385 890 irroretur
411 858 537 899 gratiae
562 856 732 892 imbribus.

148 922 301 962 66.Ave,
329 930 347 953 ο
375 921 507 953 deitatis
535 920 653 953 cellula

220 971 439 1003 Praeservata
463 969 504 1001 ab
530 969 619 1002 omni
643 969 732 1012 vitio,

222 1019 270 1051 Te
295 1019 482 1051 laudantem
509 1018 571 1050 hac
592 1018 624 1049 in
644 1017 791 1050 litterula

218 1068 350 1102 Intuere
375 1067 465 1100 vulto
491 1067 645 1107 propitio.

146 1133 203 1166 67.
218 1132 301 1172 Ave,
335 1131 437 1173 virgo,
464 1131 614 1170 polorum
638 1133 771 1171 satrapa

218 1180 333 1222 Facta,
345 1184 460 1219 potens
472 1189 533 1212 nos
545 1179 654 1211 salvos
667 1177 789 1220 facere,

219 1229 410 1263 Zabulinum
440 1231 589 1262 conatum
618 1228 752 1270 dissipa,

218 1278 284 1318 Quo
293 1286 351 1310 nos
359 1277 474 1310 crebro
482 1280 620 1316 temptat
629 1281 787 1310 evertere.

146 1349 201 1381 68.
217 1347 302 1386 Ave,
331 1346 420 1378 cuius
449 1346 516 1378 nati
543 1354 631 1378 mors
656 1345 771 1378 inclita

217 1395 273 1429 ius
286 1394 449 1436 confregit
458 1394 563 1426 hostis
573 1395 790 1436 tyrannicum,

220 1445 326 1478 Carne
352 1443 446 1476 busto

292 1496 368 1534 post
392 1495 527 1525 mortem
555 1491 680 1524 tradita

218 1542 276 1575 Me
293 1551 334 1574 ne
353 1550 490 1581 spernas
509 1540 600 1573 velut
617 1541 788 1573 exoticum.

148 1608 205 1641 69.
220 1607 305 1647 Ave,
332 1605 423 1637 cuius
446 1605 513 1637 alvi
538 1605 717 1646 gestamine

223 1654 474 1689 confunduntur

294 1703 426 1737 fraudes
452 1703 628 1745 satanicae,

222 1752 312 1786 Tuae
337 1753 445 1793 precis
472 1761 568 1784 serva
592 1752 757 1784 iuvamine

221 1801 268 1834 Te
278 1802 466 1835 laudantem
475 1801 603 1842 hymnis
609 1799 790 1841 magnifice.

149 1866 204 1900 70.
220 1866 302 1906 Ave,
331 1867 481 1906 speciosa
504 1865 685 1907 iuvencula,

224 1916 323 1956 Quam
345 1915 494 1948 collaudo
512 1918 620 1947 mente
639 1916 670 1946 et
683 1913 790 1947 labiis.

222 1964 301 1997 Mea
324 1965 387 1996 iam
417 1965 607 1997 decrescens
633 1964 778 1997 aetatula

219 2013 392 2047 Animetur
416 2013 480 2046 tuis
505 2014 690 2056 praesidiis.

150 2077 206 2111 71.
221 2077 303 2120 Ave,
332 2076 408 2110 Sion
436 2088 454 2111 0
479 2077 619 2118 pulchra
639 2077 718 2119 filia,

222 2126 312 2167 Agni
336 2125 398 2159 Dei
426 2131 576 2159 contecta
601 2127 733 2167 vellere,

227 2174 415 2208 Gratiarum
441 2184 502 2217 per
525 2175 695 2208 stillicidia

223 2224 272 2258 Te
297 2224 468 2257 laudantes
491 2234 596 2265 purga
619 2234 639 2256 a
657 2224 791 2258 scelere.

152 2291 207 2323 72.
225 2289 308 2332 Ave,
336 2289 432 2322 stella
458 2298 476 2321 o
501 2288 704 2329 Balamitica‚

227 2338 297 2378 Qua
318 2338 490 2371 medentur
509 2337 608 2371 corda
625 2336 792 2380 flebilium,

228 2389 260 2422 A
285 2397 337 2420 me
362 2386 473 2420 mundi
499 2386 592 2420 aufer
618 2385 796 2427 sophistica

227 2437 272 2471 Et
292 2438 324 2470 in
351 2441 457 2470 morte
481 2435 603 2478 praebe
628 2435 794 2469 auxilium.

848 183 903 217 73.
920 184 999 227 Ave,
1013 192 1106 224 quam
1120 181 1302 216 fabricator
1312 183 1495 221 temporum

918 231 1062 265 Matrem
1089 232 1188 274 elegit
1209 231 1250 264 ab
1276 229 1382 270 initio,

918 280 1007 321 Ergo
1032 282 1090 321 pia
1114 281 1159 313 sis
1176 288 1301 313 memor
1317 286 1495 310 memorum

918 329 993 362 Hac
1014 329 1206 362 laudantum
1232 332 1267 361 te
1292 325 1466 361 famulitio.

850 392 906 426 ¹74.
921 394 1004 434 Ave,
1033 401 1115 434 quae
1143 392 1360 425 continentem
1389 391 1496 424 omnia

922 442 1083 475 claustris
1108 442 1157 473 tui
1183 439 1296 472 celasti
1324 439 1422 482 uteri,

921 490 1145 523 Extollentem
1171 492 1228 521 tua
1252 488 1429 530 praeconia

922 538 974 571 Ne
996 539 1169 579 permittas
1186 537 1227 570 ab
1246 538 1341 570 hoste
1359 539 1493 571 conteri.

851 603 906 636 75.
920 603 1003 645 Ave,
1032 602 1135 644 virgo,
1162 601 1258 635 radix
1284 600 1424 641 vivifica,

923 651 1113 684 Gratiarum
1138 651 1226 685 rivos
1252 651 1445 691 scaturiens,

924 700 1107 740 Cogitatum
1132 709 1239 733 meum
1265 698 1421 742 rectifica,

922 749 977 783 Ad
1003 758 1146 790 superna
1170 750 1333 790 promissa
1354 749 1493 789 erigens,

850 814 905 847 76.
920 813 1003 855 Ave,
1032 814 1123 853 virgo
1150 813 1251 845 turris
1279 812 1494 855 constantiae,

921 861 1133 895 Praemunita
1155 861 1314 895 virtutum
1341 861 1469 903 clipeis,

923 910 1004 943 Velo
1031 914 1086 943 tuo
1113 920 1165 943 mc
1190 919 1267 952 rege
1293 911 1427 954 gratiae,

924 960 974 992 Ne
991 959 1146 1000 procellis
1163 968 1294 1001 mergar
1312 959 1495 1000 aequoreis.

851 1024 906 1057 77.
920 1025 1003 1057 Ave.
1016 1023 1118 1065 virgo,
1133 1032 1216 1064 quae
1230 1023 1350 1056 mundo
1364 1023 1495 1064 perdito

922 1072 1072 1105 Genuisti
1097 1072 1213 1104 salutis
1235 1072 1389 1115 pretium,

921 1121 991 1154 Esu
1015 1121 1089 1154 Iesu
1117 1121 1225 1154 carnis
1251 1129 1305 1153 me
1330 1120 1431 1154 facito

920 1170 1072 1210 Dignum.
1092 1179 1133 1202 ne
1145 1171 1311 1203 incurram
1327 1170 1495 1205 iudicium.

851 1234 1001 1277 78.Ave‚
1036 1234 1154 1266 mentis
1181 1235 1309 1275 asylum
1327 1232 1497 1276 profugae,

922 1283 1052 1316 Inimici
1079 1283 1237 1324 deceptae
1260 1282 1447 1324 fraudibus,

923 1333 1058 1365 Manum
1085 1332 1165 1364 mihi
1184 1332 1335 1365 iutricem
1355 1333 1497 1374 porrige,

921 1381 1082 1413 Vitiorum
1110 1381 1223 1414 levans
1250 1391 1270 1414 a
1297 1382 1460 1416 sordibus,

852 1445 908 1478 79.
923 1446 1005 1484 Ave,
1035 1444 1116 1477 caeli
1143 1445 1266 1489 regina,
1293 1445 1460 1485 imperans

923 1493 1124 1533 Seraphinac
1150 1495 1291 1535 sceptris
1317 1493 1465 1537 militiae,

923 1544 1016 1583 Aper
1040 1541 1211 1576 infernalis
1239 1543 1459 1576 exterminans

923 1592 965 1625 Vi
990 1592 1134 1632 pellatur
1157 1596 1233 1625 tuae
1258 1591 1475 1633 praesentiae.

853 1656 1006 1697 86.Ave,
1032 1655 1127 1696 panis
1155 1659 1281 1689 aeterni
1307 1656 1431 1699 alitrix,

924 1705 992 1745 Quo
1021 1705 1148 1737 cibatur
1170 1708 1358 1739 sanctorum
1379 1706 1497 1751 contio,

925 1754 1128 1787 Venerantes
1155 1758 1198 1794 te,
1227 1754 1289 1787 Dei
1316 1756 1478 1797 genetrix,

927 1804 965 1837 In
993 1806 1137 1836 extremo
1164 1803 1256 1836 salva
1281 1804 1415 1839 iudicio.

853 1867 911 1902 81.
926 1868 1007 1911 Ave,
1036 1867 1129 1908 virgo
1155 1867 1267 1900 Maria
1290 1868 1415 1912 inclita,

925 1916 1108 1950 Mediatrix
1133 1916 1197 1949 Dei
1224 1920 1256 1948 et
1282 1918 1462 1961 hominum,

926 1966 1029 1999 Prece
1055 1973 1129 1998 mea
1154 1966 1292 2000 absolve
1319 1966 1441 2008 debita,

926 2016 1089 2048 Postetati
1108 2024 1150 2047 ne
1168 2015 1283 2048 tradar
1297 2015 1502 2052 daemonum.

856 2080 911 2113 82.
926 2080 1010 2119 Ave,
1037 2081 1129 2120 virgo
1158 2083 1190 2112 et
1214 2083 1321 2113 mater
1346 2081 1478 2123 nobilis,

928 2128 1095 2161 Creaturis
1120 2128 1245 2160 eunctis
1263 2131 1504 2172 praeeminens,

928 2177 999 2209 Illis
1020 2185 1138 2218 nempe
1162 2180 1271 2210 exstas
1292 2177 1463 2213 dissimilis

928 2225 1131 2258 Salvatorem
1157 2227 1272 2259 mundi
1293 2228 1491 2268 parturiens.

856 2290 913 2325 83.
928 2290 1011 2333 Ave,
1040 2289 1125 2322 cella
1150 2300 1168 2323 0
1194 2290 1422 2337 pigmentaria,

929 2338 1108 2380 Speciebus
1134 2339 1306 2373 abundans
1332 2342 1468 2385 gratiae,

929 2389 1000 2421 Fac
1024 2388 1152 2421 intrare
1175 2397 1235 2421 nos
1263 2390 1345 2422 caeli
1371 2392 1467 2434 atria,

932 2437 1152 2470 Iucundcmur
1178 2439 1215 2470 ut
1240 2439 1364 2473 Christi
1394 2440 1489 2476 facie.
