1650 2671
169 227 238 260 124

171 650 238 682 125

170 1071 236 1103 126

170 1491 237 1524 127

171 1911 237 1944 128

171 2334 252 2368 129.

722 126 960 162 -32.-

276 228 358 272 Ave,
386 226 461 259 Iesu
485 227 630 259 lucidum

327 276 418 310 Caeli
440 276 562 316 lumen,
590 284 660 315 ave,

278 325 338 359 Cui
364 325 502 358 amando
528 325 704 365 plurimum

324 375 436 415 Pango
462 374 563 406 melos
589 381 699 413 suave,

276 422 366 455 Tuae
391 431 451 463 per
475 422 723 455 mundissimum

325 472 440 506 Carnis
468 471 510 504 da
537 472 701 512 conclave,

272 520 410 554 Liberer
436 520 477 553 ad
504 520 652 553 ultimum

325 570 520 603 Miserorum
546 579 565 602 a
591 579 660 603 vae.

280 650 361 690 Ave,
390 648 440 679 cui
466 648 590 680 semina

327 697 552 730 Amicitiarum

280 747 368 779 Cano
395 746 476 778 haec
501 755 561 786 per
587 745 731 778 carmina

322 794 423 828 Modo
448 799 630 837 poetarum,

278 844 377 877 Gravi
403 852 552 884 pressum
579 844 710 877 sarcina

323 893 379 926 Me
405 893 608 925 miseriarum

276 942 350 974 Tibi
376 950 462 974 nunc
487 942 677 983 compagina

324 990 425 1024 Donis
452 991 640 1031 gratiarum.

276 1069 359 1111 Ave,
388 1068 625 1110 benignissime,

324 1118 400 1150 Iesu
425 1116 613 1161 Samarites,

278 1166 379 1199 Sanas
405 1166 519 1207 plagas
545 1167 682 1206 animae,

324 1215 445 1248 Hostes
473 1224 552 1255 quas
577 1215 718 1247 immites

277 1264 463 1298 intulerunt
486 1264 628 1304 pessime

324 1312 488 1346 Scelerum
514 1322 574 1353 per
598 1313 684 1355 liteS,

275 1363 332 1395 Me
356 1371 500 1394 amorum
524 1362 639 1394 intime

308 1404 438 1444 ‘iaculo
465 1411 610 1451 sagittes.

278 1490 360 1530 Ave,
387 1497 446 1520 rex
470 1489 625 1529 iustitiae,

325 1539 406 1577 Ave,
434 1546 492 1569 rex
517 1537 674 1580 sublimiS,

279 1587 340 1627 Qui
365 1586 512 1619 abundas
538 1587 663 1628 gratiae

326 1635 491 1669 Mercibus
517 1636 645 1676 opimis,

279 1684 385 1718 Aufer
410 1684 586 1716 amicitiam

323 1733 474 1767 odiosam
501 1733 607 1775 nimis,

279 1783 348 1823 Qua
371 1791 432 1824 per
456 1783 695 1815 immunditiam

328 1833 420 1865 laceo
445 1832 479 1863 in
504 1831 589 1866 imis,

278 1911 360 1952 Ave,
387 1910 565 1952 agonistioe

325 1959 439 1992 Hostis
465 1967 679 2000 expugnator,

280 2008 422 2041 Tuorum
448 2008 625 2048 sophistice

329 2056 389 2096 Qui
416 2059 463 2088 est
492 2057 701 2098 depravator,

279 2107 426 2146 Praesta,
452 2106 565 2138 mundi
592 2105 739 2139 fabricae

328 2154 475 2188 Prudens
502 2154 709 2196 gubernator,

278 2204 366 2237 Tuus
392 2206 429 2235 ut
451 2202 625 2244 magnifice

327 2253 465 2293 Semper
490 2253 550 2284 sim
576 2252 738 2285 laudator.

278 2332 360 2375 Ave,
389 2340 407 2363 0
433 2331 617 2372 redemptio

327 2382 402 2415 Iesu
427 2380 630 2421 captivorum

279 2431 325 2465 Et
349 2430 539 2472 propitiatio

328 2481 432 2514 Plena
459 2479 662 2523 dilectorum,

870 451 948 485 130.

872 872 952 906 131.

871 1293 951 1326 132.

873 1716 953 1749 133.

875 2139 954 2172 134.

975 224 1059 258 Esto
1086 224 1265 258 consolatio

1024 274 1176 307 Meorum
1203 282 1352 307 carorum

977 322 1171 366 Degentium
1197 324 1232 356 in
1258 322 1365 355 stadio

1026 375 1133 415 Atque
1158 374 1368 406 mortuorum.

975 451 1058 493 Ave,
1086 461 1180 493 quem
1206 450 1390 483 sublimiter

1026 499 1146 532 Genuit
1170 500 1287 542 Maria,

977 547 1070 580 Sicut
1093 549 1172 581 olim
1197 548 1337 589 pleniter

1027 596 1119 629 Dixit
1144 597 1328 640 prophetia,

981 646 1029 678 Te
1054 646 1242 678 laudantem
1267 645 1388 685 iugiter

1025 694 1099 727 Hac
1122 695 1156 727 in
1180 694 1365 735 psalmodia

976 743 1091 784 Dirige
1117 743 1300 786 benigniter

1023 792 1059 825 In
1085 792 1180 825 huius
1206 791 1294 825 vitae
1322 793 1384 825 via.

980 872 1061 915 Ave,
1092 871 1181 904 cuius
1209 869 1310 904 facies

1028 920 1142 953 Coetui
1167 925 1351 953 sanctorum

980 969 1100 1002 Exstat
1127 970 1205 1002 mira
1233 970 1333 1001 saties

1029 1019 1066 1051 In
1091 1028 1190 1059 regno
1218 1018 1392 1061 caelorum,

978 1067 1128 1099 Meorum
1154 1068 1199 1100 sis
1225 1068 1363 1111 requies,

1030 1116 1165 1156 Precor,
1194 1114 1431 1161 defunctorum,

981 1166 1066 1204 Quos
1093 1165 1201 1197 adhuc
1226 1165 1380 1198 sordities

1029 1213 1154 1247 Gravat
1181 1213 1384 1249 delictorum.

978 1294 1060 1331 Ave,
1088 1290 1314 1325 substantifica

1030 1342 1140 1374 Virtus
1167 1342 1283 1374 summi
1307 1342 1423 1384 patris,

978 1390 1048 1430 Qua
1073 1390 1200 1422 exsistit
1227 1388 1355 1422 fabrica

1027 1438 1270 1479 Universitatis‚

979 1488 1043 1521 Gor
1070 1497 1173 1520 meum
1200 1486 1327 1520 califica

1025 1537 1130 1569 Aestu
1156 1536 1303 1569 caritatis

978 1586 1132 1626 Algidum
1160 1596 1200 1618 ex
1225 1585 1351 1619 lubrica

1029 1635 1133 1675 Culpa
1159 1634 1324 1669 vanitatis.

981 1714 1063 1753 Ave,
1091 1713 1280 1746 salutariter

1029 1762 1115 1795 Nate
1143 1763 1183 1796 de
1209 1762 1327 1807 Maria,

980 1811 1058 1844 Mea
1082 1812 1194 1845 laudat
1223 1812 1364 1844 dulciter

1029 1861 1130 1900 Quem
1158 1861 1341 1903 doxologia,

982 1909 1107 1943 Moriar
1135 1910 1278 1944 vitaliter

1030 1960 1104 1992 Hac
1128 1961 1163 1993 in
1187 1960 1303 1993 mundi
1329 1961 1392 2002 via,

983 2009 1100 2042 Vivam
1124 2013 1161 2041 ut
1185 2010 1375 2051 perenniter

1026 2058 1066 2091 ln
1093 2059 1176 2091 caeli
1201 2058 1398 2092 hierarchia.

982 2138 1065 2177 Ave,
1093 2146 1110 2169 o
1139 2135 1300 2169 formifica

1030 2186 1106 2218 Iesu
1132 2185 1355 2227 pulchritudo,

982 2234 1022 2267 ln
1048 2243 1112 2274 qua
1137 2234 1241 2267 omnis
1267 2234 1397 2267 lubrica

1031 2282 1135 2315 Deest
1158 2283 1330 2324 turpitudo

982 2331 1120 2365 Carmen
1147 2332 1209 2364 hoe
1234 2331 1372 2377 ratifica,

1030 2381 1070 2413 In
1097 2390 1159 2421 quo
1186 2385 1218 2413 te
1243 2381 1361 2423 saluto,

982 2429 1039 2462 Me
1065 2439 1190 2470 quoque
1217 2430 1411 2471 pulchrifica

1027 2479 1192 2512 Iacentem
1217 2479 1253 2512 in
1277 2480 1358 2515 luto,
