1650 2671
674 104 918 140 *15-

136 208 192 242 53.
219 206 323 240 Amor
348 205 501 247 paracliti

268 254 527 298 Inexplicabilis‚

219 304 328 337 Patris
355 307 387 336 et
411 303 471 337 filii

268 353 380 386 Nexus
406 351 568 394 amabilis,

218 402 348 435 Resiste
372 401 494 442 perditi

267 450 381 484 Hostis
406 451 470 483 iam
497 448 613 482 iaculis

219 498 352 533 Fraude
374 498 550 540 praecipiti

266 548 423 581 Immissis
452 547 605 580 credulis

134 629 190 662 54.
219 626 244 659 O
271 625 541 666 triumphantium

265 675 396 707 Merces
422 674 590 715 primarIa,

216 723 323 756 Dulce
348 724 516 766 solacium,

267 773 335 813 Quo
361 773 482 813 gaudet
506 773 625 810 anima,

217 821 302 854 Mihi
330 822 511 861 consilium,

264 871 313 903 Te
336 873 424 911 peto,
451 870 567 902 intima

217 919 363 952 Turbato
389 918 530 951 hostium

266 977 306 1001 ex
332 966 451 1000 fraude
475 968 629 1008 plurima.

133 1048 188 1081 55.
215 1046 405 1079 Mundanae
429 1045 601 1077 machinae

266 1094 360 1127 Bella
385 1102 472 1126 nunc
497 1094 624 1133 pellere

217 1143 372 1184 Digneri:;
398 1151 551 1183 propere,

266 1201 284 1224 o
313 1191 415 1224 dulcis
442 1190 592 1229 Domine,

217 1240 303 1273 Litis
332 1248 372 1272 ex
398 1239 531 1272 turbine

267 1289 409 1322 Dissitos
435 1287 579 1331 flectere,

217 1339 313 1371 Pacis
341 1337 514 1370 dulcedine

266 1388 359 1428 lpsos
387 1387 591 1427 coniungere.

133 1467 190 1499 56.
218 1465 243 1498 Ο
271 1466 347 1504 vita,
376 1463 523 1496 omnibus

268 1514 356 1554 Quae
381 1515 529 1554 praestas
558 1513 677 1555 vivere,

217 1562 482 1604 intelligentibus

268 1611 337 1644 Das
362 1611 559 1652 intelligere,

219 1660 272 1693 Da
297 1659 377 1693 mihi
403 1660 526 1701 largius

267 1709 387 1742 Divina
412 1717 539 1749 sapere,

220 1758 265 1792 Ut
290 1766 404 1800 queam
431 1757 615 1799 promptius

267 1808 315 1840 Te
340 1816 469 1847 semper
494 1806 611 1839 colere.

135 1888 191 1921 57.
218 1884 469 1926 Indeceptibilis

267 1935 439 1968 Scrutator
465 1934 623 1975 cordium,

217 1984 306 2016 Tuos
331 1993 351 2017 a
373 1983 511 2017 maculis

265 2032 463 2074 Expurgans
488 2033 655 2075 mentium,

220 2081 350 2115 Obsiste
376 2081 512 2122 spiculis

265 2130 336 2164 Nos
361 2131 636 2171 persequentium,

216 2180 256 2213 In
281 2179 415 2212 laudum
440 2179 545 2212 titulis

266 2229 528 2272 Impedientium.

135 2310 191 2343 58.
219 2308 301 2351 Pax,
329 2317 425 2350 quam
453 2307 644 2341 desiderant

265 2357 385 2390 Mundi
412 2355 562 2400 confinia,

220 2408 310 2448 Quae
334 2407 438 2440 multa
462 2405 608 2439 titubant

267 2457 331 2489 Per
356 2456 576 2497 adversantia,

924 203 1021 236 Nunc
1046 203 1089 237 ad
1116 206 1149 236 te
1176 204 1345 237 clamitant

974 252 1040 286 Pro
1067 253 1157 294 pacis
1184 253 1300 295 gratia,

923 301 974 335 Ne
999 302 1051 335 his
1076 302 1291 344 praevaleant

972 351 1124 384 Hostium
1148 351 1266 392 iurgia.

839 430 895 463 59.
924 430 949 463 O
977 429 1045 472 lux,
1073 438 1156 470 quae
1183 438 1360 471 congregas

973 477 1133 519 Dispersa
1157 478 1269 510 viliter

924 526 989 559 Sed
1017 531 1051 559 et
1074 526 1239 559 illuminas

972 575 1101 608 Mentes
1127 576 1263 617 utiliter,

923 624 1063 665 Depelle
1087 624 1240 657 tenebras

972 673 1236 706 Misericorditer

924 723 1047 764 Culpas
1070 730 1130 763 per
1156 722 1265 756 varias

974 771 1152 813 Congestas
1177 771 1330 811 turpiter.

839 851 897 885 60.
923 850 1068 890 Largum
1094 849 1294 890 principium

971 898 1086 931 Divini
1111 897 1254 938 luminis,

922 947 1092 980 Munimen
1120 946 1277 980 stantium

971 996 1013 1028 Vi
1039 997 1085 1028 tui
1113 995 1267 1036 numinis,

923 1045 1031 1078 Metro
1057 1044 1262 1077 laudantium

970 1093 1018 1125 Te
1044 1093 1139 1126 huius
1166 1093 1334 1134 carminis,

924 1142 976 1175 Da
1000 1141 1212 1182 participium

971 1190 1203 1224 Beatitudinis.

828 1272 884 1305 01.
914 1270 939 1303 O
966 1278 1090 1309 monas,
1118 1269 1228 1300 omnia

978 1317 1227 1359 Universaliter,

920 1366 987 1399 Sed
1013 1375 1127 1399 creans
1154 1365 1241 1398 entia

970 1414 1234 1455 Particulariter‚

921 1464 1036 1497 Solare
1060 1463 1170 1496 tristia

976 1512 1086 1546 Corda
1109 1512 1261 1545 hilariter

924 1564 1042 1596 Pressa
1066 1570 1127 1603 per
1153 1562 1234 1594 vitia

971 1610 1219 1646 Miserabiliter,

838 1691 894 1724 62.
922 1690 947 1724 Ο
974 1689 1053 1730 vita,
1081 1689 1230 1731 genetrix

973 1738 1124 1771 Vitarum
1150 1738 1303 1781 omnium,

924 1789 986 1822 His
1013 1788 1101 1820 velut
1129 1787 1290 1820 obstetrix

971 1836 1062 1869 Dans
1087 1836 1319 1877 necessarium,

924 1886 1020 1919 Mens
1045 1895 1119 1919 mea
1143 1886 1302 1919 meretrix

973 1934 1079 1968 Facta
1103 1944 1164 1976 per
1189 1935 1303 1968 vitium

923 1984 1023 2025 Petit,
1050 1994 1069 2013 a
1086 1984 1163 2016 mlii*

971 2034 1003 2066 A.
1170 2027 1275 2067 ulfim.

839 2113 896 2145 53.
926 2112 995 2145 Eus
1020 2121 1059 2143 su
1111 2111 1283 2146 antinoum

973 2161 1084 2194 Omnis
1109 2161 1281 2205 essentiae,

926 2211 988 2243 Per
1014 2210 1217 2250 evangelium

973 2258 1064 2291 Dans
1089 2260 1196 2300 legem
1220 2261 1356 2302 gratiae,

925 2309 1062 2342 Praesta
1087 2309 1268 2342 remedium

970 2357 1068 2390 Meae
1090 2358 1255 2402 miseriae,

926 2406 986 2447 Qui
1011 2407 1042 2440 vi
1070 2407 1272 2441 turbantium

973 2456 1085 2489 Vexor
1113 2458 1245 2491 cotidie.
