1650 2671
105 2532 123 2542 ιι

710 176 754 180 -
811 154 881 191 1311
945 177 975 180 -

172 258 228 291 ¹7¹7.
242 257 324 296 Ave,
350 260 456 300 petra,
486 256 527 289 de
553 255 642 287 cuius
667 255 772 286 latere

243 302 811 346 Sacramentumfluxitbaptismatis,

242 355 311 394 Quo
337 358 469 387 renatos
497 354 632 395 dignare
654 360 789 384 munere

243 402 411 436 Consolari
436 402 560 435 aeterni
586 401 780 442 pneumatis.

171 503 227 535 78.
241 501 324 542 Ave,
351 500 437 541 lesu,
465 509 527 541 quo
551 499 634 532 nihil
664 499 800 541 dulcius,

240 549 440 582 Devotorum
467 548 618 581 refovens
645 548 798 586 animum,

242 598 295 631 Sis
321 598 465 639 peccatis
491 597 572 629 meis
598 596 761 639 propitius

240 648 382 688 Propter
406 656 523 680 nomen

314 699 404 728 tuum
431 696 680 730 sanctissimum.

168 797 225 829 79.
239 796 320 839 Ave,
349 795 433 838 Iesu,
459 795 502 828 ad
530 795 611 827 caeli
636 803 760 835 pascua

241 844 303 884 Qui
330 844 463 877 deducis

317 894 503 927 credentem
531 893 697 934 populum,

240 941 370 974 Mentes
396 946 524 974 nostras
551 942 649 974 sorde
677 949 798 974 evacua

240 991 286 1023 Et
311 991 441 1031 depelle
465 1000 559 1023 omne
584 990 779 1031 periculum.

170 1090 226 1122 80.
243 1089 325 1128 Ave,
351 1087 437 1127 Iesu,
467 1088 606 1120 dulcedo
632 1087 771 1130 mellica,

242 1137 304 1169 Pia
331 1135 443 1169 cibans
471 1137 571 1169 corda
595 1135 755 1179 fidelium,

242 1184 406 1217 Servitute
433 1186 475 1218 de
498 1185 705 1226 Aegyptiaca

240 1233 308 1265 Nos
334 1233 468 1267 absolve
493 1234 573 1267 dans
592 1232 809 1275 refrigerium.

168 1332 225 1365 81.
240 1332 322 1375 Ave,
339 1332 425 1374 Iesu,
440 1335 609 1373 protector
617 1342 809 1376 pauperum,

241 1381 382 1420 Quorum
392 1391 504 1414 causas
513 1382 807 1424 benignesuscipis‚

238 1429 296 1461 Me
320 1431 449 1462 resolve

314 1488 410 1520 nunc,
438 1487 568 1522 quaeso,
597 1479 751 1511 miserum

241 1527 294 1559 Ab
321 1527 458 1560 habenis
483 1526 605 1559 inferni
631 1528 802 1568 principis.

168 1626 225 1659 82.
240 1626 322 1665 Ave,
350 1625 434 1669 Iesu,
464 1626 514 1658 cui
540 1635 634 1658 nemo
661 1626 777 1660 similis

240 1674 307 1707 Hic
322 1674 357 1706 in
378 1677 469 1708 terra
482 1675 588 1708 necin
605 1675 810 1718 caelestibus,

241 1723 361 1756 Servus
386 1727 461 1756 tuus
487 1726 521 1755 te
546 1724 629 1764 petit
655 1724 797 1768 humilis,

240 1772 287 1805 Ut
301 1770 460 1806 defendas
474 1773 582 1813 ipsum
595 1773 636 1805 ab
651 1772 811 1807 hostibuS.

168 1871 321 1912 83.Ave‚
350 1880 441 1904 amor
468 1873 500 1903 et
527 1871 726 1903 desiderium

241 1919 358 1954 Cordis
383 1920 457 1961 mei,
485 1920 561 1953 Iesu
588 1920 784 1963 dulcissime,

242 1968 331 2001 Caeli
357 1978 410 2002 me
435 1968 490 2002 fac
513 1969 639 2001 intrare
664 1969 792 2013 atrium,

240 2017 295 2050 Sic
320 2020 352 2049 te
374 2019 467 2060 vigor
493 2021 609 2051 exorat
633 2018 771 2052 animae.

169 2116 225 2149 84.
241 2115 323 2155 Ave,
350 2114 435 2158 Iesu,
463 2118 577 2148 exorta
603 2116 722 2148 veritas

241 2164 294 2197 De
318 2163 428 2197 Maria
450 2165 576 2197 intacta
599 2165 736 2207 xdrgine‚

240 2213 311 2246 Tua
336 2213 430 2246 nobis
452 2216 600 2256 praestet
616 2213 810 2258 benignitas,

237 2262 286 2295 Ut
301 2262 465 2295 salvemur
481 2263 516 2295 111
536 2262 649 2295 mundi
669 2262 811 2297 turbine.

168 2361 323 2402 85.Ave,
349 2361 523 2395 miserator
550 2364 583 2394 et
607 2361 756 2406 Domine,

243 2410 340 2444 Cuius
355 2419 484 2452 semper
502 2413 612 2443 manet
625 2410 812 2453 imperium,

241 2459 445 2493 Gloriantem
470 2461 504 2493 in
530 2463 585 2493 tuo
612 2460 742 2492 nomine

242 2509 341 2542 Salva
365 2512 441 2543 tuae
467 2510 607 2543 ancillae
631 2508 745 2542 filium.

874 256 931 288 86.
945 254 1029 295 Ave,
1058 255 1148 287 0111118
1171 263 1232 295 per
1249 255 1364 287 mundi
1380 254 1522 295 spatium

945 303 1103 336 Latitudo
1129 303 1234 336 claret
1258 304 1400 347 imperii,

946 351 1015 384 Nos
1041 352 1085 384 ad
1113 352 1246 384 chorum

1019 403 1126 433 tecum
1152 401 1344 434 laetantium

944 449 1010 482 Per
1037 450 1188 482 ducatum
1218 451 1282 482 duc
1308 449 1480 492 evangelii.

875 543 932 575 87.
947 543 1031 583 Ave,
1056 543 1144 583 Iesu,
1172 543 1226 583 qui
1253 543 1341 575 inter
1365 546 1510 575 mortuos

946 591 1048 623 Liber
1076 591 1218 624 claustra
1241 589 1371 632 fregisti
1397 590 1506 636 inferi,

947 640 1134 673 lucidamus
1158 649 1199 672 ne
1224 641 1259 672 in
1284 644 1463 682 perpetuos

948 690 1056 730 Ignes,
1084 698 1146 730 ope
1171 698 1327 722 succurre
1354 691 1462 723 celeri.

874 785 930 818 88.
945 785 1028 822 Ave,
1056 784 1141 828 Iesu,
1167 783 1325 817 fundator
1350 778 1523 817 machinae

945 833 1064 866 Mundi
1092 833 1226 874 eiusque
1250 833 1479 876 plenitudinis,

945 882 1159 916 Exsultantes
1185 883 1219 913 in
1245 885 1301 914 tuo
1328 883 1460 915 nomine

946 931 1050 964 Donis
1078 931 1147 964 dita
1171 931 1398 965 beatitudinis.

877 1025 933 1058 89.
948 1025 1031 1068 Ave,
1060 1024 1146 1067 Iesu,
1173 1025 1302 1066 asylum
1329 1026 1487 1066 exsulum,

948 1073 1169 1106 Turbatorum
1194 1073 1309 1105 mortis
1331 1073 1520 1116 formidine,

948 1121 1005 1154 Me
1020 1122 1148 1154 custodi
1161 1131 1248 1154 nunc
1261 1122 1339 1155 etin
1354 1123 1521 1155 saeculum

948 1170 1002 1202 Ab
1029 1171 1155 1203 aeterni
1179 1171 1265 1211 ignis
1291 1172 1439 1206 uredine.

875 1264 1028 1307 90.Ave,
1056 1264 1142 1308 Iesu,
1172 1264 1227 1305 qui
1252 1264 1317 1296 tuis
1343 1266 1483 1298 servulis

948 1313 1071 1346 Pandis
1085 1322 1192 1353 aures,
1208 1316 1245 1345 ut
1256 1313 1317 1346 hos
1332 1315 1522 1357 exaudiant,

945 1362 1082 1402 Manda,
1108 1371 1238 1404 quaeso,
1257 1362 1365 1396 beatis
1384 1365 1521 1405 angelis,

947 1410 995 1444 Ut.
1018 1412 1052 1443 in
1075 1411 1145 1443 vita
1164 1411 1227 1443 hac
1243 1420 1303 1444 nos
1322 1413 1520 1446 custodiant.

875 1504 932 1537 91.
948 1505 1032 1547 Ave,
1061 1505 1151 1536 0111118
1177 1503 1267 1536 facta
1291 1505 1467 1548 magnifica

949 1553 1181 1587 Collaudamus

1019 1611 1107 1635 nunc
1134 1605 1167 1634 et
1192 1604 1394 1647 perenniter,

945 1651 1014 1683 Nos
1040 1654 1077 1683 ut
1104 1652 1247 1690 cedrum,

1019 1709 1150 1741 quaeso,
1177 1701 1372 1747 multiplica,

945 1749 994 1783 Ut
1014 1749 1161 1782 vivamus
1188 1750 1414 1785 odorabiliter.

873 1843 930 1875 92.
945 1845 1029 1884 Ave,
1055 1843 1141 1884 Iesu,
1170 1844 1226 1884 qui
1251 1843 1449 1879 fortitudine

944 1892 992 1925 Es
1017 1892 1152 1925 indutus
1173 1893 1350 1928 devincens
1367 1895 1520 1928 zabulum

945 1941 999 1974 Ab
1027 1945 1181 1974 aeternae
1206 1944 1427 1978 amaritudine

945 1991 1064 2023 Mortis
1082 1994 1158 2024 tuae
1184 1990 1327 2026 defende
1348 1993 1518 2027 famulum.

873 2079 930 2114 93.
944 2083 1028 2123 Ave,
1056 2080 1111 2121 qui
1135 2089 1196 2120 per
1222 2084 1295 2113 arta
1320 2083 1443 2117 itinera

944 2129 999 2161 Ad
1020 2133 1188 2161 aeternam
1201 2130 1303 2162 vitam
1316 2142 1376 2165 nos
1394 2133 1521 2175 dirigiS,

944 2177 1097 2210 Membra
1122 2181 1180 2211 tua
1205 2188 1264 2212 nos
1294 2178 1371 2214 fove
1396 2185 1522 2226 tenera,

943 2227 1014 2267 Qui,
1042 2236 1127 2267 quae
1151 2227 1246 2260 nobis

1021 2276 1150 2318 desunt,
1176 2277 1355 2319 intellegis.

875 2364 934 2396 94.
950 2364 1032 2405 Ave,
1059 2363 1146 2407 Iesu,
1174 2373 1233 2397 rex
1261 2375 1376 2401 creans
1399 2372 1521 2413 omnia,

945 2412 1124 2446 Iubilamus
1152 2415 1204 2447 cui
1229 2415 1308 2449 totis
1336 2419 1505 2463 cordibus,

944 2460 1084 2503 Gregem
1111 2466 1202 2496 tuum
1230 2468 1374 2500 aeternis
1401 2470 1488 2504 satia

948 2510 1123 2545 Alimentis
1150 2522 1222 2546 cum
1251 2515 1334 2549 caeli
1357 2519 1495 2555 civibus
