1650 2671
593 599 675 632 vm.
702 598 898 632 Psalterium
918 599 1102 631 Secundum.

564 692 820 725 Tristichon
845 692 1122 733 prooemiale„

180 782 208 815 1.
223 777 378 814 Increata
398 782 495 820 patre
519 783 597 813 nata

272 829 347 862 Iesu
372 829 546 871 sapientia,

226 878 275 910 Te
298 877 490 911 laudantum
517 881 549 910 et
575 881 739 910 amantum

275 925 390 959 Choris
416 935 468 958 me
493 927 629 968 associa,

226 974 362 1007 Sumens
387 984 493 1016 pauca
517 976 596 1008 licet
620 984 720 1008 rauca

275 1024 425 1057 Laudum
451 1023 624 1056 sacrificia.

176 1088 321 1127 2.Haec
347 1092 483 1125 ostende
509 1095 542 1124 et
567 1092 736 1132 perpende

272 1139 366 1173 Servi
393 1139 564 1181 famulitia,

223 1189 301 1229 Quis
328 1190 452 1221 honoro
479 1193 510 1221 et
540 1189 640 1222 adoro

271 1237 344 1270 Tua
367 1236 534 1282 beneficia,

223 1286 281 1320 Uti
310 1286 436 1328 dignus,
464 1296 529 1320 non
554 1287 707 1327 indignus

272 1335 344 1368 Tua
369 1336 429 1367 :t-im
455 1336 652 1375 praesentia.

176 1406 206 1438 3.
221 1400 298 1446 Eia,
328 1404 467 1445 Christe,
494 1413 640 1445 gressum
665 1405 745 1436 siste

270 1453 470 1484 Auscultans
499 1462 570 1484 cum
592 1453 709 1493 gratia,

222 1501 270 1533 Te
295 1504 468 1540 paventem
495 1504 526 1533 et
552 1500 709 1534 fatentem

272 1549 347 1582 Tibi
372 1559 431 1581 sua
455 1550 546 1590 vitia,

224 1599 312 1639 Quae
337 1599 484 1640 gregavit
511 1603 544 1631 et
569 1600 714 1639 patravit

272 1646 337 1680 Sua
364 1648 404 1680 ab
429 1646 582 1682 infantia.

877 782 913 814 4.
928 775 986 814 Sic
1010 789 1063 812 me
1087 787 1166 811 vere
1191 778 1361 820 paenitere

974 827 1053 861 Mea
1077 827 1133 860 fac
1156 825 1292 870 flagitia,

926 878 975 911 Ut
1001 878 1114 910 evulsa
1139 878 1172 908 et
1198 876 1336 917 expulsa

974 926 1086 959 Animi
1113 925 1262 968 tristitia,

928 974 1005 1007 Tibi
1030 974 1164 1007 tandem
1189 974 1305 1006 laudes
1332 976 1460 1006 cantem

980 1022 1097 1056 Cordis
1125 1031 1197 1055 cum
1222 1022 1361 1056 laetitia.

879 1087 1046 1125 5.Uirtus
1073 1091 1190 1133 patriS,
1221 1091 1319 1123 decus
1345 1091 1471 1132 matris,

975 1139 1099 1172 Mentis
1125 1148 1188 1180 quo
1218 1139 1341 1172 duritia

926 1188 987 1221 Est
1013 1189 1121 1221 soluta
1147 1192 1179 1219 et
1205 1189 1320 1221 abluta

974 1237 1093 1270 Mundi
1120 1240 1198 1269 sunt
1223 1237 1336 1278 exitia,

925 1286 1024 1319 Haud
1038 1295 1091 1318 me
1104 1295 1253 1328 spernas,
1268 1286 1328 1319 sed
1342 1297 1395 1320 me
1410 1297 1525 1320 cernas

977 1334 1141 1368 Consueta
1166 1335 1304 1370 laetitia.

880 1406 911 1438 6.
930 1400 1159 1445 Supplicantis
1182 1407 1213 1437 et
1239 1405 1407 1437 laudantis

975 1452 1023 1485 Te
1048 1462 1109 1494 per
1134 1453 1216 1486 haec
1238 1455 1420 1495 sequentia,

928 1501 1025 1534 Sume
1049 1505 1125 1534 vota
1151 1511 1234 1543 quae
1261 1503 1393 1546 devota,

977 1550 1084 1583 Offero
1110 1551 1279 1596 instantia,

923 1598 970 1631 Et
995 1597 1088 1632 finita
1113 1608 1166 1631 me
1191 1601 1255 1633 hac
1282 1601 1349 1634 vita

974 1648 1044 1681 Tuo
1072 1649 1164 1681 vultu
1189 1650 1284 1684 satia.

674 1734 967 1776 Quadragena
992 1734 1018 1768 Ι.

176 1805 307 1846 1.Ave‚
333 1804 419 1841 Iesu,
447 1811 505 1835 rex
532 1802 731 1841 beatissime,

224 1853 446 1892 Supernorum
471 1852 666 1891 praesidens
693 1851 817 1884 civibus

225 1902 332 1945 Meae,
361 1909 493 1942 quaeso,
520 1899 654 1933 affectus
680 1901 809 1933 animae

223 1950 302 1983 Tuis
328 1949 450 1982 sanctis
477 1949 616 1990 subiuga
641 1949 778 1991 legibus.

175 2022 208 2053 2.
223 2020 306 2058 Ave,
313 2017 348 2050 in
359 2026 454 2058 quem
463 2017 643 2049 belluinum
651 2015 815 2050 fremitum

225 2065 437 2100 Perfecerunt
465 2068 577 2106 gentes
604 2066 794 2107 malevolae,

224 2117 313 2150 Onus
340 2115 447 2147 crucis
472 2115 567 2147 nobis
592 2115 779 2155 impositum

224 2165 312 2198 Leve
337 2173 397 2207 per
423 2167 458 2195 te
483 2164 528 2196 sit
554 2166 585 2196 et
609 2164 785 2204 portabile.

177 2237 209 2269 3.
223 2234 309 2273 Ave,
336 2233 421 2276 Iesu,
449 2240 622 2274 resurgens
649 2234 784 2275 tumulo,

225 2284 359 2317 Sacrum
389 2290 506 2321 corpus

297 2331 494 2371 coniungens
520 2331 660 2370 animae,

226 2383 304 2416 Cum
336 2380 503 2413 discedam
529 2379 570 2412 ab
592 2379 656 2411 isto
678 2380 819 2420 saeculo,

224 2431 317 2464 Tunc
340 2438 402 2471 me,
431 2438 561 2472 quaeso,

298 2481 475 2513 clementer
501 2478 639 2518 suscipe.

877 1805 912 1836 4.
928 1804 1013 1846 Ave,
1041 1812 1059 1836 0
1085 1805 1287 1844 sempiterna
1312 1808 1448 1848 veritas,

927 1851 1007 1884 Tuis
1033 1856 1206 1893 praestans
1236 1854 1323 1887 dona
1347 1855 1508 1898 laetitiae,

927 1900 991 1933 Per
1017 1905 1051 1934 te
1077 1902 1181 1934 omnis
1206 1904 1353 1944 pellatur
1378 1904 1521 1949 falsitaS,

923 1949 970 1982 Et
997 1950 1137 1983 donetur
1164 1953 1267 1985 virtus
1294 1956 1513 1991 constantiae.

879 2020 910 2051 5.
925 2020 1008 2061 Ave,
1034 2029 1052 2052 o
1078 2020 1252 2054 miserator
1276 2022 1402 2068 inclite,

927 2067 1056 2101 Sanctis
1084 2069 1210 2102 donans

999 2120 1134 2150 aeterna
1159 2119 1318 2161 praemia,

924 2165 1066 2198 Domum
1090 2169 1180 2199 tuam

1000 2223 1146 2256 expurga
1171 2217 1349 2250 schismate

928 2262 976 2295 Et
1000 2273 1123 2297 exorna
1147 2267 1204 2298 tua
1228 2266 1368 2301 iustitia.

882 2333 914 2365 6.
930 2334 1013 2366 Ave,
1041 2333 1129 2365 salus
1154 2332 1264 2368 fidelis
1291 2338 1419 2382 populi,

931 2379 1068 2413 Servum
1094 2385 1185 2416 tuum
1212 2385 1331 2418 exaudi
1357 2387 1527 2432 miserum,

929 2429 985 2466 Ad
1011 2434 1044 2463 te
1069 2440 1150 2464 voce
1177 2434 1372 2468 clamantem
1397 2436 1503 2470 flebili

928 2479 992 2511 Pro
1020 2481 1150 2514 medela
1176 2492 1307 2515 suorum
1334 2486 1507 2523 scelerum.
