1650 2671
812 139 880 176 168
933 160 975 164 —

179 240 260 273 147.
276 239 358 279 Ave,
387 239 477 272 cuius
498 239 633 271 thronus
653 237 816 278 virgineus
843 238 924 273 149.
939 240 1020 277 Ave,
1036 248 1131 279 quam
1142 242 1327 273 sanctorum
1341 237 1482 270 ecclesia.

274 287 435 322 castitate
459 287 581 329 fraglat
606 290 643 320 ut
670 286 764 332 viola,
937 287 1146 328 symphoniis
1165 286 1478 331 collaudatiugibus‚

276 337 398 370 Mentis
412 340 487 370 tuae
499 346 552 369 me
567 336 690 369 candor
703 336 816 369 niveus
939 336 996 369 Me
1022 337 1132 371 divina
1157 338 1292 371 absolve
1317 336 1424 380 gratia
1467 360 1473 366 .

274 388 304 420 A
333 387 458 420 carnali
485 386 630 419 desiccet
653 386 791 419 macula.
938 384 1100 419 Vitiorum
1112 388 1259 420 strictum
1276 384 1497 428 compedibus.

179 465 262 499 148.
276 466 359 507 Ave,
388 466 450 498 Dei
476 463 619 498 formosa
644 465 802 508 genetrix,
844 464 925 498 150.
939 464 1021 507 Ave,
1044 463 1147 506 virgo,
1168 466 1338 498 conclusus
1355 465 1515 505 hortulus,

274 514 452 555 virginalis
463 524 558 555 quam
569 514 685 546 laudat
698 513 814 552 contio,
938 512 1028 545 Fons
1046 513 1192 555 signatus
1215 514 1361 555 turisque
1378 513 1514 555 virgula,

274 563 453 597 Creaturae
467 572 618 605 suprema
640 562 816 604 conditrix,
942 561 1080 594 Carmen
1086 563 1176 595 istud
1182 563 1237 604 qui
1244 565 1364 605 cantat,
1375 561 1516 595 famulus

275 612 339 644 Per
364 615 397 645 te
420 612 514 645 nobis
542 613 585 645 sit
610 611 798 645 consolatio.
941 610 989 643 Te
1006 619 1045 642 ac
1057 609 1162 643 Deum
1175 612 1290 644 laudet
1301 620 1363 651 per
1375 612 1516 644 saecula.

255 717 326 747 God.
348 718 377 746 S.
400 719 481 747 Petri
503 718 708 756 Salisburgen.
732 720 751 747 b
771 719 804 747 ΙΙ
826 716 854 746 3.
879 726 957 746 saec.
981 715 1024 745 15.
1055 717 1107 746 fol.
1129 714 1187 745 230
1198 725 1224 744 a.
1245 716 1280 743 A.
1305 731 1340 736 -—
1361 715 1444 744 Orat.
1464 725 1518 744 ms.

179 758 365 795 Tegurinum
393 759 465 786 anni
496 756 580 786 1467.
607 758 681 787 Clm.
702 758 862 787 Monacen.
888 755 923 785 19
933 755 999 785 991.
1029 756 1081 785 fol.
1109 754 1165 784 225
1178 764 1204 784 a.
1245 756 1279 782 B.
1302 772 1339 775 —
1363 755 1437 783 Orat
1464 764 1519 783 ms.

177 797 362 834 Tegurinum
383 798 453 825 anni
477 795 560 825 1470.
583 797 658 825 Clm.
679 797 835 826 Monacen.
856 794 967 825 20021.
988 796 1038 824 fol.
1062 793 1119 824 239
1130 796 1159 824 b.
1181 796 1214 825 C.
1239 810 1276 815 —

254 836 281 864 A
301 835 355 863 hat
374 836 424 864 die
437 836 667 873 Bemerkungen
687 836 738 865 fol.
760 834 817 865 230
829 844 861 863 a:
895 836 1008 872 Incipit
1026 836 1203 871 psalterlum
1223 835 1345 862 tertium
1365 833 1402 862 de
1418 842 1520 871 super-

177 875 336 904 benedicta
371 879 401 904 et
432 875 636 912 pulcherrima
666 877 785 914 virgine
814 876 921 904 Maria.
972 874 1134 911 Prologus3
1170 874 1221 902 fol.
1256 871 1312 902 231
1325 881 1356 901 a:
1408 873 1522 910 Incipit

175 915 357 943 Psalterium
378 916 497 943 ‘tertium
519 915 556 943 de
577 915 753 943 dulcissima
773 916 803 943 et
822 915 995 942 castissima
1014 914 1073 942 Dei
1093 915 1253 950 genetrice,
1274 913 1394 948 virgine
1410 913 1521 947 Maria,

178 954 369 990 imperatrice
390 954 466 982 caeli
487 956 517 982 et
535 956 640 982 terrae.
674 955 736 982 Der
748 954 897 990 Prologus
910 952 1043 982 befindet
1056 953 1121 981 sich
1135 952 1212 980 auch
1225 954 1257 981 in
1273 951 1346 979 Clm.
1361 951 1521 980 Monacen.

176 993 225 1025 (01.
248 992 300 1021 SS.
322 992 460 1021 Udalrici
481 995 511 1021 et
531 994 632 1027 Afrae)
650 990 738 1028 4423,
760 994 832 1021 anni
855 990 938 1020 1481.
959 992 1010 1020 fol.
1030 989 1069 1020 43
1081 1001 1107 1020 a.
1127 993 1166 1020 D.

253 1031 333 1059 Prol.
357 1029 381 1066 1,
393 1030 413 1060 4
425 1032 572 1060 Tutamur
593 1033 676 1060 ocius
696 1032 772 1060 fehlt
784 1032 825 1067 A;
845 1032 1026 1060 Liberamur
1040 1033 1070 1059 et
1081 1032 1180 1065 bom's,
1202 1031 1367 1067 korrigiert
1379 1031 1413 1058 in
1427 1032 1519 1059 Tuta-

175 1080 242 1099 111111·
270 1071 353 1099 ocius
379 1074 409 1099 et
432 1071 492 1099 BC.
513 1086 552 1090 —
572 1069 630 1105 4,1
659 1073 705 1098 tui
732 1071 845 1100 servuli
870 1071 908 1098 D.
929 1085 968 1089 —
989 1068 1044 1104 5,1
1074 1071 1241 1098 Ductorum
1266 1070 1400 1098 omnium
1426 1071 1463 1098 A.
1482 1084 1521 1088 —

175 1110 270 1138 Psalt.
300 1107 375 1143 12,2
397 1110 570 1147 e‹·lipsicam
590 1112 626 1138 A.
649 1124 685 1128 —
709 1108 784 1143 12,4
805 1111 970 1138 orationem
991 1112 1074 1137 tuam
1096 1109 1156 1137 AB.
1176 1125 1217 1129 —-
1239 1107 1314 1143 14,2
1335 1116 1459 1137 servans
1479 1109 1522 1137 le-

177 1150 278 1184 ginam
299 1149 348 1184 A.;
376 1149 453 1186 legis
478 1150 677 1186 propaginam
698 1149 732 1177 B.
759 1164 799 1168 —
829 1147 873 1183 17,
895 1146 914 1175 2
935 1148 1009 1176 colit
1028 1148 1063 1176 A.
1083 1163 1122 1167 -—-
1148 1146 1195 1183 43,
1216 1145 1238 1176 4
1256 1157 1312 1176 nos
1332 1147 1408 1176 fehlt
1427 1149 1462 1177 A.
1483 1164 1522 1168 —

176 1186 222 1223 54,
244 1186 265 1215 4
284 1187 389 1216 intulit
408 1188 443 1215 A.
469 1203 508 1207 —
535 1186 582 1218 55.
602 1187 622 1216 4
643 1184 819 1225 Profligatis
840 1189 873 1216 in
893 1188 1031 1224 purgatis
1052 1188 1084 1216 111
1105 1188 1280 1225 purgatorio
1303 1187 1338 1215 A.
1366 1202 1405 1206 —
1432 1185 1479 1221 59,
1502 1185 1520 1215 3

176 1236 231 1255 nos
254 1227 384 1255 obsitum
406 1227 441 1255 A.
467 1242 507 1247 —
533 1225 580 1261 61,
602 1225 620 1254 2
641 1236 695 1255 1105
718 1226 858 1255 munifice
878 1227 913 1255 A.
943 1241 976 1245 —
1005 1224 1050 1260 66,
1072 1225 1093 1255 4
1119 1228 1186 1262 Qua
1205 1235 1258 1263 per
1278 1226 1406 1255 salutem
1428 1228 1464 1255 A.
1483 1242 1523 1246 —

179 1263 225 1298 75,
241 1263 259 1294 3
279 1266 392 1294 Mentis
413 1275 498 1294 meae
518 1266 666 1303 depressis
681 1267 722 1301 Α;
742 1267 855 1295 Mentis
867 1274 954 1294 meae
973 1265 1144 1302 depressum
1160 1267 1195 1294 B.
1216 1281 1254 1285 —
1274 1263 1322 1299 85,
1337 1263 1356 1293 2
1376 1265 1524 1294 aulieolos

175 1305 212 1333 A.
232 1321 270 1325 —
291 1302 369 1339 85,4
388 1307 435 1334 Tu
455 1307 486 1333 vi
507 1306 542 1333 Α.
563 1320 601 1324 —
623 1304 668 1341 90,
682 1303 700 1333 3
722 1306 918 1334 clamantium
931 1306 966 1333 A.
990 1320 1024 1324 —
1049 1302 1095 1339 91,
1111 1305 1130 1333 4
1150 1314 1206 1333 nos
1227 1314 1315 1342 prece
1327 1305 1362 1332 A.
1383 1320 1423 1324 —
1444 1304 1490 1339 97,
1505 1303 1523 1334 3

174 1344 337 1379 Menteque
356 1344 391 1373 A.
413 1359 451 1363 —
474 1343 571 1379 102,4
590 1345 740 1373 Innodum
758 1346 793 1372 A.
815 1360 853 1364 —
876 1342 940 1379 113,
953 1341 972 1372 3
993 1345 1154 1373 Beatorum
1174 1353 1213 1373 ue
1234 1345 1269 1372 A.
1293 1359 1327 1363 —
1352 1341 1416 1378 132,
1433 1343 1452 1372 2
1473 1354 1522 1373 ex-

174 1384 259 1411 cellit
286 1392 437 1412 sossorum
463 1384 498 1412 A.
524 1399 563 1403 —
590 1381 654 1417 139,
676 1381 694 1411 3
720 1384 919 1413 serviunculis
939 1383 973 1411 A.
1001 1399 1038 1403 ——
1067 1382 1131 1419 140,
1197 1385 1306 1412 vitium
1330 1383 1407 1411 fehlt
1428 1384 1464 1412 A.
1485 1399 1523 1403 —

176 1420 241 1457 144,
259 1420 280 1450 4
298 1423 332 1450 in
352 1423 488 1458 partibus
508 1423 544 1450 A.
