1650 2671
189 205 234 239 59

187 501 232 534 60

189 768 246 830 ω’.

187 1093 244 1126 62.

186 1340 241 1373 63.

184 1587 243 1621 64.

183 1834 241 1868 65.

182 2080 238 2114 66.

179 2330 237 2364 67.

736 107 1004 144 -129—

239 206 344 246 ‚Ave‚
373 206 459 243 Iesu,
487 216 624 248 granum
650 208 827 248 triticeum,

262 254 404 287 Multum
432 253 575 288 fructum

336 307 414 344 post
437 307 576 337 mortem
603 304 768 347 adferens,

260 351 318 386 Me
344 356 498 386 aeternae
522 354 611 388 vitae
636 355 791 388 idoneum

259 402 341 446 Fac,
356 405 493 443 peccata
515 406 633 438 cuncta
648 404 837 439 demoliens,

237 527 245 535 .
260 502 344 544 Ave,
358 504 466 543 petra,
480 503 540 536 sub
556 511 622 544 qua
636 502 839 545 protegimur

262 550 392 583 Inimici
417 559 437 583 a
463 554 558 586 torva
584 550 681 594 facie,

263 599 345 633 Cum
372 602 450 641 post
474 601 587 634 mundi

334 648 433 682 finem
461 649 664 693 deducimur,

260 697 327 732 Ubi
354 707 452 731 verae
477 702 592 732 assunt
619 698 768 732 deliciae.

262 799 344 841 Ave,
372 798 458 841 Iesu,
484 796 539 839 qui
565 799 599 829 te
625 796 815 829 timentibus

262 846 479 879 Frumentum
505 855 539 879 es
566 849 599 878 et
615 843 837 887 refrigerium,

260 893 505 937 Naufragemur

334 953 376 976 ne
403 944 518 977 mundi
544 941 710 986 fluetibus,

260 992 478 1027 Sublevamen
509 994 552 1027 da
577 992 808 1025 necessarium.

259 1092 343 1134 Ave,
371 1092 456 1132 Iesu,
483 1092 552 1131 lux,
582 1091 671 1124 ouius
697 1090 792 1124 radio

259 1141 495 1174 Dissolvuntur
521 1140 604 1181 legis
630 1140 798 1182 mysteria,

258 1190 340 1229 Nos,
351 1198 431 1231 quos
447 1191 560 1223 caecat
567 1188 680 1222 mundi
690 1188 837 1229 ambitio,

261 1240 392 1273 Pietate
418 1241 475 1271 tua
500 1238 647 1272 humilia.

257 1339 342 1382 Ave,
371 1339 458 1378 Iesu,
486 1340 575 1370 tutor
603 1336 816 1374 credentium,

258 1389 289 1421 A
316 1388 436 1420 timore
452 1387 556 1420 hostis
575 1395 655 1428 quos
672 1385 836 1424 sublevas,

258 1437 290 1470 A
317 1438 480 1470 conventu
503 1444 564 1469 nos
589 1433 838 1476 malignantium

259 1486 355 1519 Nunc
366 1485 518 1527 defende,
526 1482 835 1528 premensinsidias.

259 1586 344 1627 Ave,
371 1585 457 1625 Iesu,
484 1583 607 1617 inferni
634 1582 735 1616 aciem

259 1633 459 1669 Percussisti
485 1635 539 1675 qui
564 1641 662 1666 manu
688 1630 809 1676 valida,

258 1684 381 1717 Mentis
401 1691 493 1716 meae
505 1683 674 1724 impingua
688 1682 834 1725 maciem,

259 1733 318 1767 Uti
344 1733 379 1765 in
405 1737 438 1766 te
464 1733 506 1766 sit
533 1731 777 1774 superfervida.

256 1833 339 1873 Ave,
367 1831 441 1864 fons
468 1834 501 1863 et
526 1831 616 1872 origo
643 1830 756 1873 gaudii

256 1881 469 1922 Populorum,
483 1889 563 1922 quos
578 1881 670 1913 unda
683 1888 835 1921 renovas,

258 1929 442 1964 Tribulatis
471 1930 514 1962 da
540 1928 706 1971 refrigerii

256 1980 369 2024 Opem,
381 1988 460 2021 quos
469 1979 642 2020 perignem
658 1978 835 2013 examinas,

254 2079 340 2120 Ave,
359 2079 433 2120 iter,
452 2088 514 2121 per
523 2079 609 2121 quod
621 2078 677 2120 qui
686 2078 838 2119 graditur

257 2129 427 2163 oberrare
451 2130 566 2170 nequit
593 2137 653 2169 per
669 2128 835 2170 tenebras,

254 2180 322 2213 Per
347 2182 383 2211 te
409 2178 462 2212 via
487 2180 627 2220 angusta
653 2178 822 2220 panditur,

254 2229 328 2270 Qua
353 2229 484 2262 venitur
509 2228 552 2261 ad
570 2228 667 2261 sedes
685 2236 834 2269 superas

256 2329 339 2371 Ave,
365 2329 451 2370 Iesu,
474 2328 530 2370 qui
548 2327 659 2361 hostes
680 2327 833 2370 dissipas,

253 2378 316 2419 Qui
342 2378 486 2411 oderunt
508 2381 543 2411 te
559 2377 593 2410 in
612 2377 675 2411 hoc
692 2378 833 2420 saeculo,

253 2427 476 2470 Cogitationes
503 2426 675 2461 fumiferas

251 2477 366 2518 Longe
395 2476 452 2512 fac
478 2487 499 2510 a
526 2478 634 2511 cordis
661 2477 832 2520 oppidulo.

234 2538 256 2561 D
265 2544 296 2562 re
305 2544 372 2565 vos,
392 2537 519 2561 Psaiteria
535 2538 746 2563 Wossofontana.

900 209 956 243 68.

899 504 957 536 69.

900 748 956 781 70.

900 992 957 1027 71.

899 1289 953 1324 ¹72.

899 1535 955 1570 73.

898 1784 954 1816 74.

899 2080 954 2114 75.

897 2328 952 2361 76.

973 209 1055 250 Ave,
1082 208 1171 241 cuius
1191 217 1307 241 nomen
1331 216 1403 240 oum
1418 207 1544 240 cantico

974 256 1204 292 collaudamus

1046 315 1131 340 nunc
1157 309 1190 339 et
1214 305 1247 339 in
1274 305 1450 348 saeculum,

971 355 1040 389 Nos
1067 366 1087 389 a
1112 354 1214 389 fundo
1241 363 1370 397 emerge
1395 353 1518 395 limico,

969 405 1036 438 Per
1049 405 1135 447 quod
1150 406 1234 438 solet
1245 405 1326 438 oriri
1340 403 1542 438 scandalum.

973 505 1054 546 Ave,
1081 502 1138 544 qui
1162 512 1221 535 nos
1246 503 1312 535 tuis
1339 501 1514 544 praesidiis

971 551 1139 585 Liberasti
1165 551 1206 584 ab
1233 551 1336 585 hostis
1359 550 1455 596 furia,

970 601 1033 641 Da,
1061 600 1219 633 malorum
1242 600 1337 633 vietis
1356 599 1544 641 opprobriis

971 649 1183 682 Exsultemus
1208 653 1315 682 tecum
1341 650 1374 681 in
1401 649 1515 691 gloria.

971 748 1055 787 Ave,
1081 748 1167 791 Iesu,
1195 751 1365 789 protector
1390 747 1505 789 populi

970 795 1167 830 Dimioantis
1196 796 1356 830 adversus
1381 796 1543 841 zabulum,

970 844 1164 878 Truculenti
1177 854 1257 887 quos
1270 846 1406 878 turbant
1414 845 1546 887 aemuli,

972 893 1023 928 Tu
1048 895 1194 928 solamen
1221 894 1344 936 largire
1367 895 1528 928 sedulum.

972 994 1053 1037 Ave,
1078 993 1163 1036 Iesu,
1184 1002 1243 1026 rex
1262 1002 1376 1034 regum
1392 993 1545 1035 omnium,

970 1043 1061 1075 Tuae
1085 1043 1178 1083 pacis
1197 1043 1279 1075 dans
1297 1042 1543 1085 abundantiam,

972 1092 1038 1124 Per
1062 1091 1183 1124 natalis
1206 1091 1255 1124 tui
1278 1091 1472 1133 mysterium

972 1139 1076 1174 Tuam
1102 1140 1196 1173 nobis

1044 1190 1110 1223 iam
1136 1192 1271 1230 praesta
1296 1189 1447 1232 gratiam.

969 1289 1053 1328 Ave,
1072 1289 1159 1330 Iesu,
1179 1290 1234 1330 qui
1247 1289 1378 1322 mundis
1393 1288 1547 1322 cordibus

972 1338 1020 1371 Te
1032 1338 1211 1371 videndum
1226 1339 1369 1379 spondes
1381 1339 1415 1370 in
1427 1338 1546 1379 patria,

969 1387 1001 1420 A
1028 1387 1157 1427 peceati
1176 1397 1234 1420 nos
1252 1386 1375 1421 munda
1393 1385 1546 1420 sordibus

971 1435 1162 1469 Grratiarum
1187 1436 1352 1477 praebens
1381 1436 1528 1470 donaria.

969 1535 1054 1576 Ave,
1079 1536 1166 1576 Iesu,
1193 1544 1314 1577 perpes
1339 1536 1508 1569 hereditas

968 1584 1179 1618 Beandorum
1205 1585 1240 1617 in
1267 1585 1350 1618 caeli
1378 1585 1481 1628 curia,

969 1634 1021 1667 Ne
1027 1642 1089 1676 me,
1101 1643 1231 1676 quaeso,
1239 1635 1355 1676 tangat
1361 1635 1532 1667 calamitas
1538 1660 1546 1677 Δ,

972 1684 1073 1724 Quam
1098 1684 1233 1717 molitur
1260 1684 1389 1717 hostilis
1416 1683 1514 1718 furia.

971 1783 1055 1824 Ave,
1082 1783 1168 1826 lesu,
1191 1783 1250 1830 ‘cui
1278 1782 1505 1816 confitebimur

970 1832 1191 1872 Implorantes
1217 1832 1488 1877 misericordiam,

972 1882 1186 1915 peccatorum

1047 1929 1181 1973 fascem,
1208 1940 1272 1973 qua
1298 1932 1489 1974 premimur,

971 1981 1036 2013 Per
1064 1980 1208 2014 divinam
1234 1980 1309 2014 leva
1328 1981 1546 2015 elementiam.

970 2080 1053 2118 Ave,
1080 2082 1194 2112 auctor
1220 2081 1312 2122 pacis
1340 2083 1370 2114 et
1398 2080 1535 2123 gratiae,

971 2129 1033 2169 Qui
1060 2129 1171 2162 vicisti
1198 2139 1310 2163 areum
1336 2133 1369 2164 et
1392 2130 1549 2174 giadium,

971 2180 1037 2213 Per
1063 2179 1220 2212 virtutem
1247 2183 1323 2213 tuae
1347 2180 1518 2222 potentiae

969 2229 1099 2262 Bellum
1126 2227 1219 2262 aufer
1242 2230 1318 2270 paci
1335 2229 1549 2265 eontrarium.

971 2330 1052 2369 Ave,
1080 2329 1165 2372 Iesu,
1195 2329 1285 2362 cuius
1312 2330 1471 2363 memoria

968 2378 1108 2411 Maestis
1138 2378 1242 2412 dulcis
1270 2381 1321 2411 est
1347 2378 1535 2419 delectatio,

967 2428 1056 2461 Fera
1081 2427 1196 2461 turbat
1220 2437 1273 2462 me
1297 2428 1481 2472 iracundia,

968 2478 1071 2518 Quam
1099 2481 1287 2519 compescat
1309 2481 1368 2511 tua
1387 2477 1545 2519 dignatio.

1356 2534 1373 2563 9
