1650 2671
174 194 256 229 108.

180 619 261 652 109.

177 1041 256 1074 110.

180 1463 258 1498 111.

181 1891 262 1923 112.

179 2320 262 2354 113.

711 97 954 134 -21—

285 195 311 228 O
337 193 513 228 individua

334 242 532 286 Summaque
556 245 698 290 trinitas,

284 292 402 326 Laude
427 294 582 326 continua

334 341 438 382 Quam
463 341 660 376 universitas

285 390 429 433 Laudat,
456 392 636 433 praecipua

337 440 409 474 Tua
434 441 620 482 benignitas

285 488 440 523 Praestet,
463 489 612 533 proficua

335 539 439 573 Nobis
465 543 498 573 et
523 540 658 581 gratias.

289 618 468 652 Pulchrum
495 617 691 651 formificum

339 666 464 701 Cuncta
488 667 733 709 pulchrifieans,

288 716 417 750 Natura
441 718 572 751 unicum

338 765 460 798 Filium
486 773 656 808 generans,

289 814 372 847 Esto
401 813 578 847 terrificum

335 862 474 896 Hostem
501 862 721 896 exterminans

285 912 476 954 Lumenque
503 911 660 945 eaelieum

337 960 444 1002 Super
468 970 528 995 nos
555 960 699 996 radians,

284 1040 391 1074 Dulce
417 1039 617 1081 spiraculum

336 1089 444 1123 Patris
471 1095 505 1122 et
528 1087 590 1120 filii

284 1139 450 1179 Forteque
474 1137 641 1172 vinculum

333 1188 466 1220 Amoris
491 1186 605 1231 mutui,

288 1239 353 1271 Per
378 1236 612 1270 adminiculum

338 1286 401 1318 Tui
428 1285 555 1319 consilii

284 1333 390 1369 Aufer
415 1334 598 1376 perieulum

339 1383 429 1425 Ignis
454 1385 618 1425 perpetui.

289 1464 315 1498 Ο
344 1462 393 1495 sol
418 1463 566 1497 iustitiae

338 1511 517 1554 Refulgens
544 1513 709 1546 mentibus

288 1562 432 1603 Fulgore
457 1561 584 1604 gratiae

335 1611 383 1644 Te
409 1611 663 1657 requirentibus,

289 1662 393 1695 Manu
417 1661 587 1703 potentiae

334 1711 465 1744 Resiste
491 1711 641 1745 hostibus

288 1761 392 1794 Natos
420 1760 580 1793 ecclesiae

335 1810 405 1843 Iam
431 1810 714 1851 persequentibus.

290 1890 359 1923 Ens
386 1888 586 1930 inneffabile,

339 1938 401 1979 Qui
426 1948 490 1980 res,
519 1939 678 1972 essentias

292 1987 437 2023 Verbum
462 1987 615 2021 mirabile

337 2038 391 2071 Ex
417 2041 515 2080 teque
540 2046 688 2079 generas,

290 2089 370 2123 Cum
399 2096 462 2129 quo
489 2087 631 2122 amabile

336 2137 467 2171 Donum
494 2138 546 2171 his
573 2135 735 2178 conferas,

287 2188 348 2231 Qui
376 2190 498 2221 canunt
522 2187 639 2221 sedule

337 2237 406 2270 Has
434 2238 550 2271 laudes
576 2237 719 2272 inclitas,

289 2319 317 2352 O
342 2317 400 2350 lux
425 2317 615 2350 illuminans

336 2367 461 2401 Cuncta
487 2366 642 2410 causalia,

286 2419 325 2452 In
352 2426 450 2449 unum
478 2426 680 2458 congregans

336 2466 535 2510 Rationalia,

887 422 967 457 114.

886 843 966 878 115.

887 1266 966 1302 116.

889 1690 966 1725 117.

890 2118 971 2153 118.

994 195 1117 229 Nostra
1142 194 1362 227 exterminans

1043 245 1095 278 Sis
1122 243 1306 276 criminalia

993 295 1046 328 Ad
1074 294 1158 327 bona
1185 300 1343 326 revocans

1041 343 1110 377 Nos
1137 342 1327 375 aeternalia.

997 422 1071 455 Vita
1096 421 1285 464 viventium,

1043 471 1145 513 Vigor
1168 472 1201 502 et
1223 468 1338 512 gratia,

994 520 1061 554 Sed
1087 521 1120 553 et
1144 517 1360 552 substantium

1038 568 1149 602 Fortis
1175 567 1369 607 substantia,

993 618 1101 651 Menti
1127 617 1301 650 colentium

1043 667 1091 699 Te
1119 666 1176 698 des
1202 665 1371 707 solamina,

993 716 1131 748 Pressae
1155 723 1216 755 per
1242 714 1382 748 hostium

1041 764 1123 797 Dira
1149 763 1328 797 molimina.

995 843 1020 877 Ο
1047 843 1156 875 lumen
1183 842 1342 875 mentium

1042 891 1256 932 Intelligibile

996 941 1035 974 In
1060 944 1095 974 te
1121 940 1326 973 credentium

1043 990 1088 1023 Et
1112 989 1346 1031 praeamabile,

998 1040 1063 1074 Cor
1088 1048 1194 1072 meum
1220 1039 1336 1072 vitium

1040 1088 1166 1122 Premit
1194 1087 1391 1129 damnabile,

996 1138 1090 1179 Quod
1114 1137 1178 1170 hoe
1202 1137 1372 1170 servitium

1044 1186 1155 1220 Pellat
1178 1186 1357 1222 laudabile,

994 1267 1020 1296 0
1047 1265 1291 1307 simplicissima

1046 1316 1213 1357 Trinaque
1239 1316 1355 1355 deitas,

998 1364 1098 1398 Cuius
1123 1364 1158 1396 in
1184 1365 1293 1398 omnia

1043 1413 1223 1447 Redundat
1248 1414 1388 1458 bonitas,

997 1464 1094 1497 Velut
1121 1463 1303 1505 peripsima

1042 1513 1090 1546 Te
1114 1521 1188 1545 mea
1213 1514 1360 1554 parvitas

997 1562 1129 1596 Laudat
1154 1572 1214 1603 pro
1241 1562 1347 1605 gratia

1045 1611 1229 1646 Reddendo
1257 1612 1392 1655 gratias,

996 1691 1022 1725 Ο
1049 1691 1169 1725 bonum
1196 1692 1354 1733 optimum

1048 1741 1182 1775 Cunctis
1209 1740 1352 1774 amabile

997 1790 1094 1824 Nune
1121 1793 1154 1823 et
1178 1790 1212 1823 in
1239 1791 1404 1824 saeculum

1047 1840 1332 1884 Superlaudabile,

999 1889 1064 1923 Cor
1089 1898 1197 1923 meum
1221 1889 1406 1932 squalidum

1047 1939 1100 1973 Ae
1127 1939 1324 1973 detestabile

999 1989 1075 2022 Tibi
1102 1989 1155 2023 fao
1180 1989 1347 2030 placidum

1047 2039 1093 2073 Et
1117 2039 1310 2074 habitabile.

998 2119 1026 2153 Ο
1051 2117 1304 2161 perfectissime,

1049 2169 1111 2210 Qui
1136 2178 1302 2210 nunquam
1328 2168 1443 2201 deficis

998 2218 1045 2252 Et
1070 2218 1298 2260 potentissime

1050 2268 1171 2302 Greata
1196 2267 1340 2309 perficis,

997 2317 1167 2351 Doctrinis
1192 2317 1303 2350 imbue

1049 2367 1107 2401 Me
1133 2367 1331 2409 evangelicis

998 2417 1045 2450 Et
1068 2418 1145 2458 post
1169 2416 1232 2449 hoc
1255 2416 1407 2458 imprime

1048 2466 1166 2501 Choris
1192 2465 1360 2508 angelicis.
