1650 2671
260 227 315 261 15.

258 650 314 683 16.

260 1071 317 1104 17.

256 1492 311 1525 18.

256 1916 312 1948 19.

249 2342 306 2377 20.

343 226 424 268 Ave,
452 235 531 259 arca
557 225 701 259 foederis

390 276 482 309 Auro
509 275 665 309 redimita

344 325 422 358 Filii
447 325 481 357 in
508 325 655 358 dexteris

391 375 431 408 In
457 374 548 407 caelo
574 383 661 407 nunc
687 374 760 418 sita,

343 425 435 457 Intus
461 425 560 465 atque
588 422 711 456 deforis

392 473 524 506 Virtute
549 482 608 505 nos
637 473 717 514 dita,

344 521 395 554 Ne
419 522 591 563 iungamur
617 522 745 555 miseris

390 571 465 604 Hac
489 570 583 603 finita
606 571 683 606 vita.

341 650 424 691 Ave,
453 648 557 682 funda
582 649 734 691 Davidis‚

394 699 485 739 Quae
509 698 586 730 iecit
611 698 761 739 lapillum

347 748 384 780 In
413 746 529 781 Goliae
554 747 718 788 praesidis

397 797 514 838 Caput,
542 799 691 828 sternens
716 795 820 837 illum,

345 845 501 878 Precibus
528 853 580 876 me
606 844 725 876 validis

393 892 536 926 Subleva
560 892 736 934 tantillum,

344 943 522 982 Protegens
549 951 569 973 a
594 940 720 973 rabidis

390 991 534 1032 Tempus
563 990 604 1023 da
631 989 854 1030 tranquillum.

344 1071 427 1114 Ave,
456 1068 683 1111 superbissimi

396 1118 525 1152 Victrix
554 1115 753 1160 Holofernis‚

345 1169 450 1210 Quam
478 1171 591 1200 cantus
620 1166 799 1198 dulcissimi

390 1216 545 1250 Laudant
567 1216 601 1248 in
628 1214 790 1258 supernis,

344 1266 417 1299 Non
444 1274 497 1298 me
522 1265 611 1298 sinas
638 1264 810 1305 supprimi,

395 1315 526 1358 Precor,
555 1314 588 1346 in
614 1313 763 1354 internis,

343 1366 442 1406 Quem
469 1363 631 1396 invadunt
655 1362 791 1404 pessimi

388 1413 509 1453 Motus,
537 1412 623 1444 sicut
649 1411 768 1444 cernis.

340 1493 423 1532 Ave,
452 1491 539 1532 regis
565 1490 690 1532 gloriae

387 1541 498 1574 Mater
524 1539 707 1580 benedicta,

340 1589 396 1623 Sic
422 1599 499 1622 vero
525 1589 670 1622 iustitiae

388 1639 464 1672 Sole
490 1642 580 1671 stans
607 1638 736 1678 amicta,

339 1688 481 1722 Nostrae
506 1688 689 1721 iniustitiae

386 1738 519 1771 Tollere
547 1737 668 1770 delicta

337 1787 466 1832 Satage⁷
495 1796 571 1819 nam
596 1787 723 1828 gratiae

384 1836 434 1869 Tu
460 1846 493 1868 es
521 1839 627 1868 mater
655 1836 754 1868 dicta.

339 1914 423 1957 Ave,
452 1914 545 1954 virgo
568 1914 681 1946 Aaron

386 1963 473 1997 Divo
499 1962 582 1996 flore
608 1963 717 2004 plena,

338 2013 436 2046 Dicto
465 2012 655 2045 homousion

384 2062 422 2096 In
448 2062 576 2104 synodo
603 2061 760 2103 Nicaena,

337 2112 363 2146 Ο
391 2115 506 2145 sancta
532 2111 717 2149 theotocon,

387 2161 452 2195 Cor
477 2170 584 2194 meum
612 2168 729 2193 serena

335 2212 382 2245 Et
407 2210 560 2244 caelestis
587 2219 639 2243 me
665 2209 743 2242 Sion

383 2261 518 2294 Perduc
544 2261 577 2293 in
604 2268 752 2293 amoena.

336 2343 416 2381 Ave,
445 2349 529 2382 quae
555 2339 703 2372 veridice

386 2390 501 2424 Rubus
528 2388 721 2431 appellaris,

337 2440 415 2474 Cum
445 2438 731 2481 concupiscentiae

390 2490 471 2532 Igne
495 2498 560 2522 non
586 2488 706 2529 uraris,

966 453 1022 487 21.

964 873 1023 905 22.

963 1294 1018 1328 23.

963 1718 1021 1751 24.

961 2141 1018 2174 25.

1050 226 1217 260 Duodenis
1242 227 1380 268 mystice

1099 275 1210 309 Stellis
1238 276 1414 317 coronaris,

1049 325 1129 359 Ideo
1155 325 1349 368 prophetice

1098 373 1202 407 Stella
1228 374 1325 407 Iacob
1354 372 1445 407 faris.

1048 454 1131 493 Ave,
1160 453 1250 485 cuius
1277 453 1401 494 placuit

1098 501 1169 535 Deo
1197 502 1386 543 caelibatus,

1049 550 1147 584 Unde
1174 560 1303 584 carnem
1329 551 1438 583 induit

1098 599 1151 632 Ex
1176 603 1210 632 te
1234 600 1435 639 incarnatus,

1048 648 1113 681 Hic
1138 658 1199 688 pro
1225 649 1319 681 nobis
1345 648 1450 680 doluit

1094 697 1131 729 In
1161 706 1256 730 cruce
1281 698 1409 729 levatus

1048 745 1094 778 Et
1120 749 1305 778 nostrorum
1333 745 1430 778 diluit

1099 793 1266 826 Scelerum
1294 797 1414 826 reatus.

1049 872 1131 910 Ave,
1158 870 1437 912 profundissimae

1099 921 1188 953 Fons
1215 919 1438 962 benignitatis,

1052 970 1167 1002 Potum
1194 969 1276 1001 dans
1303 968 1488 1009 largissime

1098 1018 1207 1051 Corde
1233 1017 1411 1059 tribulatis,

1048 1067 1137 1108 Ignis
1163 1066 1375 1100 acerbissme

1099 1116 1215 1149 Poenis
1241 1113 1424 1156 profligatis

1051 1165 1186 1207 Porrige
1214 1165 1422 1198 dulcissimae

1097 1214 1232 1247 Manum
1258 1213 1403 1255 pietatis.

1047 1294 1129 1333 Ave,
1157 1296 1267 1326 terrae
1293 1291 1398 1334 gloria

1096 1341 1143 1374 Et
1167 1341 1283 1383 regina
1308 1341 1387 1384 poli,

1047 1393 1170 1425 Famae
1194 1393 1270 1423 tuae
1295 1390 1402 1432 gratia

1095 1441 1294 1481 comparata
1319 1439 1391 1478 soli,

1049 1489 1211 1522 Gravatos
1237 1488 1374 1521 tristitia

1094 1538 1305 1571 Pertransire
1330 1537 1408 1577 noli,

1047 1587 1113 1620 Sed
1139 1590 1196 1620 tua
1222 1587 1397 1619 clementia

1095 1636 1336 1670 Recommenda
1363 1635 1460 1677 proli.

1049 1717 1133 1758 Ave,
1160 1716 1247 1758 regis
1273 1716 1397 1757 gloriae

1096 1765 1255 1798 Genetrix
1282 1765 1389 1806 beata,

1046 1814 1093 1848 Es
1120 1814 1369 1848 misericordiae

1095 1864 1206 1896 Mater
1232 1863 1410 1906 nominata,

1046 1913 1161 1946 Pande
1187 1917 1300 1954 portas
1328 1913 1452 1956 veniae,

1097 1961 1246 1995 Clemens
1273 1962 1446 2004 advocata,

1046 2011 1189 2045 Nostrae
1213 2011 1419 2054 ignorantiae

1097 2060 1236 2093 Diluens
1262 2065 1407 2102 peccata.

1046 2139 1129 2181 Ave,
1155 2148 1209 2173 ros
1236 2149 1254 2173 o
1282 2140 1413 2185 caeliae,

1098 2189 1165 2222 Ros
1192 2189 1267 2222 miri
1296 2190 1452 2233 dulcoris,

1048 2239 1117 2280 Quo
1143 2236 1203 2273 flos
1231 2239 1339 2272 carnis
1368 2239 1482 2273 deicae

1097 2286 1209 2322 Crevit
1235 2289 1422 2330 salvatoris,

1046 2336 1230 2372 Flammam
1255 2339 1352 2371 luxus
1378 2338 1473 2372 abice

1096 2386 1127 2420 A
1153 2389 1296 2421 claustro
1323 2388 1471 2430 pudoris,

1047 2436 1137 2477 Quae
1163 2438 1269 2471 saevit
1294 2437 1469 2471 barbarice

1098 2486 1190 2521 Intus
1217 2490 1316 2529 atque
1342 2485 1434 2522 foris.
