1650 2671
749 137 789 142 -—
845 117 914 154 133

206 212 287 245 128.
302 212 386 255 Ave,
397 213 483 255 Iesu,
495 213 550 255 qui
562 222 690 248 crucem
701 215 850 249 baiulans

298 261 346 294 Es
370 261 405 295 in
422 261 530 295 locum
550 263 667 296 ductus
685 265 852 309 supplicii,

300 310 331 343 A
345 311 474 352 pcccati
499 322 561 345 nos
576 310 666 345 fasce
679 314 853 347 sublevans

301 359 439 393 Praesta
456 362 551 395 nobis
573 361 691 395 donum
713 363 851 399 consilii,

205 443 287 478 129.
302 442 385 488 Ave,
414 443 499 486 Iesu,
527 445 756 480 misericordia

301 492 404 534 Apud
429 502 524 534 quem
552 496 602 527 est

384 545 482 584 atque
507 544 702 585 redemptio,

304 592 401 626 Servi
427 592 486 633 tui,
513 602 646 634 quaeso,
675 593 825 634 contagia

302 642 485 676 Deleantur
511 644 568 675 tuo
594 642 754 676 subsidio.

210 726 291 760 130.
307 725 390 767 Ave,
417 725 503 770 Iesu,
533 726 624 758 cuius
650 725 828 758 auctoritas

307 775 372 807 Per
381 773 561 814 scripturas
572 774 696 807 relucet
710 774 850 814 saeculo,

303 823 445 864 Mentes,
474 833 554 864 quas
580 822 635 856 ob·

382 875 494 906 caecat
521 871 697 916 stoliditas,

303 920 461 955 Veritatis
487 921 617 962 repleas
639 920 772 962 pabulo.

205 1002 286 1035 131.
302 1002 388 1044 Ave,
415 999 450 1033 in
473 1009 536 1041 quo
560 998 777 1033 sanctificatio

303 1049 428 1083 Summi
457 1049 561 1089 patris
590 1048 678 1081 clare
697 1048 851 1090 effloruit,

300 1100 436 1140 Quando
453 1098 563 1130 hostes
575 1098 695 1131 stravit
704 1095 851 1131 confusio

299 1148 345 1181 Et.
373 1149 495 1180 electus
523 1148 662 1180 salutem
686 1147 805 1180 induit.

201 1228 285 1262 132.
300 1227 383 1268 Ave,
411 1235 512 1266 supra

377 1284 472 1317 quem
499 1278 632 1308 sanctus
658 1275 793 1316 spiritus

299 1326 338 1358 In
359 1324 528 1357 columbae
546 1324 715 1357 descendit
729 1323 848 1365 specie,

299 1375 352 1408 Te
378 1383 489 1416 exoro,
516 1374 597 1406 licet
620 1373 813 1414 immerituS,

302 1423 348 1456 Ut
361 1433 413 1455 me
425 1432 528 1464 ungas
541 1423 604 1456 hoc
620 1423 703 1455 dono
714 1422 850 1463 gratiae.

205 1504 285 1538 133.
301 1502 385 1543 Ave,
413 1501 503 1534 cuius
529 1511 588 1534 nos
616 1499 801 1534 benedictio

299 1553 339 1585 In
367 1550 577 1584 securitatem
605 1551 783 1590 constituit,

305 1601 385 1634 Cum
411 1604 598 1633 sanctorum

378 1650 494 1691 iungas
522 1648 695 1693 consortio,

297 1699 426 1740 Quibus
451 1697 534 1731 fides
556 1701 613 1732 tua
629 1707 689 1731 nos
706 1698 849 1732 miscuit.

200 1781 282 1815 134.
299 1780 383 1822 Ave,
412 1783 503 1811 cuius
532 1777 672 1811 dulcedo
698 1778 838 1811 nominis

300 1828 426 1861 Nectar
451 1827 591 1868 praebet

376 1877 505 1911 devotis
532 1876 698 1920 cordibus,

302 1928 365 1960 Per
391 1927 547 1960 virtutem
566 1926 693 1959 aeterni
709 1925 851 1959 flaminis

302 1976 339 2009 M
344 1980 435 2009 entes
457 1978 586 2009 nostras

358 2034 504 2067 expurga
530 2024 694 2058 sordibus.

199 2107 283 2142 135.
299 2106 383 2149 Ave,
411 2105 461 2139 sol
487 2104 528 2137 de
554 2104 705 2147 supernis
732 2103 849 2149 oriens,

300 2155 478 2197 Diaphana
505 2158 622 2187 cuncta
647 2154 824 2198 irradians,

293 2205 345 2239 Sis
382 2204 510 2247 peccati
537 2204 640 2237 nubes
669 2202 849 2237 demoliens

293 2255 339 2288 Et
365 2263 477 2288 amore
503 2256 558 2287 tuo
585 2263 644 2287 nos
671 2254 808 2287 satians

196 2337 278 2371 136.
295 2335 379 2378 Ave,
408 2334 595 2368 consolator
622 2333 810 2366 dulcissime

294 2384 508 2426 Captivorum
533 2383 647 2417 mundi
670 2382 814 2427 miseria,

296 2435 529 2476 Supplicantes
557 2433 617 2467 tibi
644 2433 837 2474 humillime,

296 2483 392 2518 Cives
420 2482 492 2516 fore
517 2482 571 2516 fac
597 2484 680 2516 caeli
706 2482 828 2524 patria.

921 215 1001 251 137.
1016 217 1099 258 Ave,
1114 216 1223 260 iudex,
1236 215 1290 257 qui
1301 215 1560 256 complacabcris

1014 265 1154 309 Hymnis
1172 270 1272 309 atque
1290 263 1559 305 confessionibus,

1014 317 1070 349 Me
1102 316 1243 349 emunda
1268 324 1288 349 a
1312 314 1387 347 labe
1414 313 1559 353 sceleris,

1013 364 1064 399 Ne
1075 364 1197 399 inferni
1206 361 1559 406 tradarpraedonibus.

916 444 996 478 138.
1013 445 1096 486 Ave,
1123 445 1208 486 Iesu,
1231 454 1291 486 per
1310 452 1404 484 quem
1422 442 1561 475 scientia

1011 494 1120 527 Patris
1151 494 1362 535 praedicatur
1386 490 1559 532 mirabilis,

1014 542 1180 575 Passionis
1206 546 1281 576 tuae
1306 542 1448 583 insignia

1011 590 1080 624 Nos
1095 601 1116 624 a
1132 592 1250 624 mentis
1267 592 1397 624 solvant
1410 589 1560 631 piaculis.

915 665 996 699 139.
1009 666 1094 706 Ave,
1119 664 1209 697 Deus
1234 673 1325 697 meus
1350 668 1381 696 et
1408 664 1559 706 Domine,

1013 714 1074 754 Qui
1101 722 1173 745 cum
1204 717 1301 755 patre

1085 771 1203 803 regnas
1231 766 1264 795 et
1286 762 1417 803 spiritu,

1011 811 1068 844 Me
1095 809 1247 853 defende,

1087 869 1207 902 quaeso
1233 860 1427 902 humillime,

1010 909 1064 943 Ab
1092 912 1247 943 aeternae
1272 909 1388 942 mortis
1413 908 1560 941 interitu.

915 983 995 1017 140.
1012 985 1094 1025 Ave,
1120 992 1181 1024 per
1205 992 1301 1025 quem

1089 1041 1259 1075 speramus
1285 1032 1414 1065 veniam

1010 1081 1114 1114 Nobis
1148 1082 1219 1114 dari
1246 1091 1285 1114 ex
1314 1081 1398 1114 dono
1424 1080 1560 1125 gratiae,

1012 1130 1068 1164 Ori
1094 1140 1166 1163 meo
1191 1140 1277 1171 pone
1302 1131 1495 1171 custodiam,

1014 1179 1066 1212 Ne
1090 1180 1124 1213 in
1151 1180 1260 1212 verbis
1285 1189 1378 1212 ruam
1404 1179 1560 1213 malitiae.

912 1248 994 1282 141.
1008 1249 1090 1293 Ave,
1109 1248 1195 1290 Iesu,
1209 1249 1352 1282 solamen
1368 1257 1558 1293 pauperum,

1009 1297 1102 1339 Spes,
1130 1298 1257 1339 asylum
1285 1300 1317 1329 et
1343 1298 1534 1339 consolatio,

1009 1347 1096 1379 Hinc
1123 1347 1320 1380 conductum

1088 1397 1131 1429 da
1155 1396 1250 1429 nobis
1275 1405 1482 1437 prosperum,

1011 1446 1057 1480 Ut
1079 1447 1114 1478 in
1133 1446 1232 1478 caelis
1250 1446 1295 1478 sit
1310 1448 1424 1478 nostra
1440 1446 1559 1487 portio.

912 1520 993 1554 142.
1008 1520 1094 1562 Ave,
1120 1520 1206 1562 Iesu,
1227 1520 1282 1561 qui
1300 1528 1360 1560 per
1378 1520 1561 1561 potentiam

1009 1569 1078 1602 Nos
1096 1569 1214 1601 levasti
1232 1578 1408 1610 oppressos
1425 1569 1559 1614 scelere,

1009 1618 1216 1660 Flagitantes
1243 1619 1504 1653 misericordiam

1010 1667 1110 1701 Lucis
1137 1671 1212 1700 tuae
1237 1668 1369 1701 illustra
1391 1668 1517 1702 iubare.

913 1738 1093 1779 143.Ave‚
1121 1739 1217 1778 petra
1243 1747 1261 1770 o
1288 1736 1530 1778 limpidissima.

1010 1786 1559 1831 QuaGoliassaevusprosternitur,

1011 1837 1076 1869 Per
1101 1840 1134 1869 te
1159 1845 1233 1868 mea
1260 1836 1412 1869 devincat
1437 1836 1547 1869 anima

1013 1886 1187 1919 Passiones

1086 1935 1205 1977 carnis,
1234 1936 1306 1977 quis
1334 1935 1505 1975 premitur.

916 2010 999 2043 144.
1015 2012 1096 2052 Ave,
1126 2011 1251 2041 cunctis

1083 2059 1139 2101 qui
1166 2058 1209 2091 da
1234 2058 1420 2092 viventibus

1012 2108 1205 2150 opportuno
1225 2118 1332 2142 escam
1349 2109 1383 2141 in
1402 2113 1560 2153 tempore,

1009 2158 1187 2192 Beatorum
1212 2167 1265 2190 me
1292 2157 1367 2191 ciba
1393 2158 1544 2200 dapibus,

1009 2208 1229 2241 Terrenorum

1084 2256 1139 2299 qui
1157 2266 1290 2298 premor
1308 2257 1467 2298 pondere.

911 2333 992 2367 145.
1009 2333 1092 2374 Ave,
1119 2331 1206 2372 Iesu,
1237 2332 1355 2365 ductor
1378 2333 1550 2366 tritissime

1006 2382 1225 2417 Oberrantum
1253 2392 1273 2415 a
1299 2382 1382 2414 caeli
1408 2382 1549 2424 gaudiis,

1011 2432 1066 2465 Mc
1088 2431 1250 2475 pupillum
1270 2434 1421 2473 potenter
1436 2431 1563 2464 redime

1010 2485 1040 2516 A
1067 2490 1248 2524 pravorum
1276 2481 1402 2514 cunctis
1420 2480 1560 2513 iniuriis.
