1650 2671
706 112 944 147 ,38-

170 215 227 248 23,
254 215 336 255 Ave,
365 212 464 245 clavis
490 220 640 244 reserans

307 264 423 296 Portas
451 261 607 301 paradisi,

255 311 363 345 Adam
390 319 469 351 quas
496 318 695 349 exasperans

310 359 443 402 Clausit,
471 359 525 400 qui
550 358 645 390 invisi

259 409 373 443 Hostis
399 406 549 441 fraudem
577 407 742 447 cespitans

304 457 355 490 De
383 456 472 488 caelo
500 456 582 496 elisi,

255 507 382 545 Redde,
411 513 540 549 quaeso,
570 504 727 537 miserans

308 555 375 596 Me,
402 557 480 586 tunc
506 562 588 594 quae
613 553 716 587 amisi.

179 636 238 668 24.
265 635 348 675 Ave,
375 633 461 674 Iesu,
487 633 612 675 gratiae

308 683 379 725 Via,
408 681 492 722 fons,
517 682 661 722 lucerna,

259 732 400 764 Ductum
429 730 508 763 dans
535 731 681 763 laetitiae

311 780 410 814 Iustis
437 780 478 812 ad
506 785 650 820 aeterna,

261 830 400 863 Domum
428 829 645 861 conscientiae

309 878 438 912 Munda
463 887 483 910 a
506 881 641 910 veterna

260 928 351 960 Labe
377 929 409 959 et
432 927 589 959 scientiae

305 977 400 1009 Dono
427 984 478 1007 me
503 975 657 1017 guberna.

171 1057 229 1089 25.
258 1056 340 1095 Ave,
369 1063 386 1086 o
411 1053 540 1085 initium

311 1102 422 1137 Omnis
449 1105 629 1142 creaturae,

264 1152 361 1185 Cuius
389 1155 420 1182 et
449 1151 624 1183 dominium

306 1200 462 1234 Possides
490 1200 531 1232 de
555 1200 636 1240 iure,

258 1250 343 1282 Mihi
370 1249 578 1289 municipium

305 1299 403 1331 Vitae
430 1298 471 1330 da
497 1296 637 1341 futurae,

257 1348 294 1381 In
323 1356 385 1389 qua
409 1346 443 1378 in
468 1350 662 1387 perpetuum

305 1395 450 1429 Laudem
480 1398 511 1427 te
535 1404 658 1428 secure.

177 1477 233 1509 26.
265 1476 336 1507 Ave
375 1473 552 1506 consolatio

305 1524 390 1563 Iesu,
417 1520 621 1554 adflictorum

257 1572 302 1604 Et
327 1571 521 1604 illuminatio

309 1620 462 1654 Cordium
490 1628 669 1662 caecorum,

258 1670 380 1702 Nostra
405 1668 449 1700 sis
475 1670 635 1710 protectio

310 1719 345 1750 ln
375 1718 428 1750 die
454 1717 623 1760 malorum,

263 1769 329 1807 Qua
356 1767 411 1800 fiet
439 1766 596 1799 discussio

309 1817 452 1848 Actuum
477 1819 673 1850 nostrorum.

177 1896 234 1928 27.
260 1895 342 1935 Ave,
369 1895 484 1936 prime,
512 1895 627 1929 ultime

307 1943 457 1977 Hominis
485 1945 595 1987 creati,

260 1993 374 2026 Hostis
401 1992 636 2026 nefandis-rime

305 2041 492 2075 Fraudibus
517 2045 687 2085 prostrati,

259 2091 362 2123 Necte
385 2100 444 2122 nos
470 2090 649 2125 fortissime

307 2140 397 2172 Tuae
424 2140 565 2179 caritati,

260 2188 570 2221 Misericordissime

310 2238 379 2278 Qua
404 2246 513 2269 sumus
540 2238 667 2271 salvati.

182 2317 238 2351 28.
266 2317 348 2359 Ave,
376 2314 486 2355 proles
511 2315 625 2347 inclita

315 2364 450 2398 Excelsi
476 2364 619 2397 tonantis

265 2415 311 2448 Et
337 2415 377 2447 de
399 2413 485 2445 nube
510 2413 622 2445 lucida

312 2464 400 2497 Voce
421 2462 673 2504 proclamantis:

875 435 932 468 29.

878 857 933 890 30.

878 1277 933 1311 31.

879 1698 936 1731 32.

880 2122 936 2154 33.

957 208 1122 242 Exaudite
1147 209 1271 241 monita

1006 258 1085 290 Nati
1111 255 1346 298 praedicantis,

961 306 1205 347 scripturarum
1230 306 1344 339 abdita

1013 355 1109 388 Vobis
1136 356 1322 388 revelantis.

959 435 1041 473 Ave,
1070 434 1123 475 qui
1145 435 1178 466 in
1198 442 1330 467 carcere

1008 483 1126 516 Mortis
1154 484 1366 516 consedentes

958 532 1113 565 Eduxisti
1134 532 1239 565 libere

1008 580 1123 614 Laude
1147 584 1181 613 te
1205 583 1387 623 sequentes,

959 629 1086 662 Munda
1109 639 1168 662 nos
1195 640 1214 662 a
1239 630 1363 662 scelere

1008 679 1084 711 Tibi
1111 678 1321 718 confidentes,

961 728 1012 760 Ne
1038 731 1070 760 te
1096 728 1210 761 mundi
1234 735 1372 769 vespere

1012 777 1188 809 Videamus
1214 775 1339 809 flentes.

961 856 1043 898 Ave,
1072 856 1126 896 qui
1151 856 1184 887 in
1210 855 1324 896 stipite

1013 904 1124 937 Crucis
1151 904 1341 937 exclamasti

963 953 1185 995 Spiritumque
1213 953 1323 986 debite

1010 1002 1103 1035 Patri
1130 1002 1366 1035 commendasti

961 1052 1012 1083 Ac
1037 1051 1198 1083 submisso
1225 1051 1334 1093 capite

1009 1099 1159 1132 Eundem
1188 1098 1307 1132 efflasti

960 1148 1006 1181 Et
1031 1148 1088 1189 sic,
1116 1148 1222 1180 victor
1246 1148 1370 1189 inclite,

1008 1198 1095 1231 Tuos
1121 1197 1281 1230 liberasti.

962 1276 1043 1317 Ave,
1071 1276 1127 1308 lux
1155 1277 1338 1309 errantium

1008 1325 1088 1357 Vias
1115 1334 1174 1366 per
1201 1325 1371 1367 distortas,

958 1374 1089 1406 Dictum
1118 1383 1176 1416 per
1202 1373 1398 1415 supplicium

1008 1422 1100 1455 Patri
1125 1432 1204 1463 quos
1231 1426 1393 1466 reportas,

961 1471 1013 1503 Ne
1037 1471 1070 1503 in
1097 1472 1327 1512 praecipitium

1011 1519 1179 1561 Inferique
1203 1524 1316 1562 portas

962 1569 1077 1611 Ruam,
1104 1570 1190 1609 pelle
1213 1570 1328 1602 vitium

1009 1618 1193 1659 Culpasque
1218 1619 1380 1652 subortas.

963 1697 1047 1735 Ave,
1076 1697 1210 1729 verbum
1239 1698 1360 1731 editum

1013 1746 1073 1779 Dei
1102 1747 1207 1787 patris
1233 1756 1301 1788 ore,

965 1795 1044 1829 Cum
1072 1805 1134 1837 quo
1160 1799 1196 1828 tu
1222 1796 1417 1837 paraclitum

1013 1844 1126 1886 Spiras
1153 1846 1236 1878 miro
1263 1855 1363 1886 more,

962 1893 1073 1926 Frena
1098 1904 1203 1927 meum
1232 1896 1384 1936 spiritum

1011 1943 1081 1976 Tuo
1106 1944 1140 1976 in
1166 1954 1277 1977 amore

961 1992 1007 2025 Et
1033 1994 1229 2033 praescinde
1254 1995 1379 2027 aditum

1011 2042 1108 2075 Hosti
1136 2052 1208 2075 cum
1234 2044 1363 2078 timore.

966 2123 1046 2165 Ave,
1075 2119 1321 2162 flagrantissimi

1014 2170 1092 2203 Iesu
1117 2168 1177 2202 fios
1203 2172 1334 2210 amoris,

967 2218 1104 2259 Spirans
1129 2217 1383 2260 fraglantissimi

1017 2267 1189 2307 spiramen
1218 2268 1339 2308 odoris,

965 2316 1035 2349 Mei
1062 2324 1176 2348 causas
1202 2317 1302 2349 animi

1016 2364 1158 2396 Remove
1185 2366 1354 2408 maeroriS,

967 2415 1123 2454 Ingerunt
1151 2423 1231 2455 quas
1258 2416 1394 2455 pessimi

1014 2461 1164 2495 Fraudes
1193 2463 1390 2505 deceptoris,
