1650 2671
669 178 983 220 Quinquagena
1011 179 1036 212 l.

224 257 253 289 1.
279 256 363 295 Ave,
390 254 576 286 beatissime

332 305 418 338 Iesu.
445 312 503 336 rex
529 304 699 335 iustorum.

285 354 381 387 Cuius
404 356 477 385 sunt
502 352 701 384 iustissimae

328 402 431 442 Leges
456 401 693 438 mandatorum,

280 452 403 492 Quibus
431 450 528 483 doces
554 458 710 491 spernere

327 502 396 534 Iter
420 499 594 540 impiorum

279 551 330 582 Ac
353 553 388 581 te
412 551 512 590 caput
535 549 651 581 intime

329 598 427 639 Sequi
455 598 641 632 electorum.

225 663 255 694 2.
282 663 363 706 Ave,
392 670 467 701 spes
492 660 648 700 fidelium,

332 710 446 744 Dulcis
470 719 488 742 o
514 710 646 746 Messia,

283 760 407 793 Probat
432 759 494 791 Dei
520 757 622 791 filium

329 809 430 849 Quem
454 808 627 849 theologia,

281 858 330 890 Te
353 859 387 890 in
413 856 478 889 fine
503 859 684 897 temporum

327 906 448 940 Genuit
470 905 590 947 Maria,

281 955 387 988 Nobis
412 955 445 986 in
471 955 627 986 auxilium

325 1004 428 1038 Venit
451 1007 556 1035 mater
581 1004 646 1044 pia.

219 1070 251 1102 3.
281 1069 363 1110 Ave,
391 1067 479 1099 salus
503 1067 617 1099 inclita

330 1116 469 1149 Animae
492 1114 686 1158 languentis,

281 1166 317 1199 In
344 1164 443 1205 legali
468 1164 585 1196 semita

328 1213 449 1247 Debite
475 1213 646 1256 currentis,

280 1263 439 1296 Virtutem
468 1261 604 1294 debilita

326 1312 439 1345 Hostis
466 1310 692 1351 persequentis

278 1361 321 1394 Et
350 1360 526 1393 clementer
551 1359 664 1391 abdita

327 1410 470 1443 Nostrae
494 1417 600 1449 purga
624 1407 751 1439 mentis.

221 1476 253 1506 4.
280 1474 364 1511 Ave,
392 1470 588 1503 sacrificium

331 1521 452 1554 Latens
478 1520 537 1552 sub
565 1518 720 1551 frumenti

286 1570 411 1611 Specie,
439 1569 594 1601 solacium

333 1618 441 1659 Digne
468 1619 548 1650 dans
574 1617 724 1658 sumenti,

288 1669 351 1701 Per
378 1667 497 1699 amoris
523 1666 648 1699 basium

336 1716 444 1750 Corde
469 1716 658 1756 quiescenti,

281 1766 455 1806 Spernenti
479 1764 684 1797 mendacium

328 1815 478 1855 Veraque
502 1816 660 1856 sequenti,

224 1881 255 1912 5.
283 1880 364 1918 Ave,
393 1878 482 1909 cuius
508 1878 660 1912 laudibus

328 1930 486 1960 Assumus
512 1928 702 1968 gaudenter,

280 1977 364 2009 Nam
391 1977 456 2008 tuis
482 1977 669 2010 muneribus

331 2025 463 2059 Utimur
488 2024 686 2067 frequenter,

285 2075 392 2107 Verba
416 2077 531 2106 nostra
556 2076 689 2108 auribus

332 2123 471 2163 Percipe
497 2124 683 2165 clementer,

281 2172 403 2213 Quibus
433 2175 466 2203 te
491 2172 677 2214 impetimus

332 2221 430 2261 Quasi
455 2221 625 2255 violenter.

228 2288 260 2320 6.
287 2286 369 2328 Ave,
395 2285 623 2325 potentissime

331 2334 428 2368 Adae
451 2338 633 2376 reparator,

285 2383 410 2418 Stravit
434 2383 637 2416 validissime

333 2434 432 2474 Quem
460 2430 562 2465 fallax
588 2436 744 2474 tentator,

897 1683 954 1716 10.

901 2093 956 2126 11.

979 252 1119 285 Fontem
1147 261 1245 285 cerne
1269 252 1435 292 lacrimae,

1029 303 1131 343 Quam
1158 300 1260 334 fundo
1286 305 1452 345 peccator,

984 350 1036 383 Sis
1062 351 1215 384 turbatae
1240 351 1367 384 animae

1029 401 1127 433 Meae
1155 400 1348 436 consolator,

945 490 952 496 .
978 464 1061 499 Ave.
1089 466 1164 498 Iesu
1192 464 1337 498 cordium

1028 514 1217 556 Remumque
1242 516 1416 559 scrutator,

983 563 1105 597 Contra
1128 564 1230 596 malos
1256 563 1402 603 gladium

1029 612 1171 645 Vibrans
1193 614 1229 645 ut
1254 616 1426 655 pugnator,

980 664 1008 694 A
1036 671 1093 693 ran
1120 661 1385 703 persequentium

1028 710 1123 743 Meus
1149 711 1194 742 sis
1220 712 1356 752 tutator,

978 759 1103 792 Ferens
1129 759 1339 797 adiutorium,

1026 808 1075 841 Mi
1103 809 1207 841 dulcis
1233 811 1369 843 amator.

945 896 952 903 .
978 873 1061 914 Ave,
1088 872 1162 904 Iesu
1187 871 1291 913 gloria

1027 921 1056 952 A
1083 924 1178 961 patre
1205 922 1376 953 coronatus

978 968 1024 1001 Et
1048 969 1291 1011 magnificentia

1027 1018 1114 1050 Mire
1142 1019 1298 1058 elevatus,

978 1067 1073 1099 Assit
1097 1070 1154 1099 tua
1180 1066 1296 1108 gratia,

1029 1116 1111 1148 Peto
1136 1116 1325 1154 inclinatus,

980 1163 1069 1203 Quae
1095 1165 1239 1205 expellat
1264 1164 1353 1206 vitia,

1028 1213 1149 1246 Deleat
1173 1215 1295 1246 reatus.

946 1302 953 1308 .
981 1278 1062 1316 Ave,
1091 1286 1109 1307 0
1136 1276 1297 1318 refugium

1030 1325 1187 1358 Nostrum
1215 1328 1247 1357 et
1271 1326 1415 1367 adiutor,

980 1375 1114 1414 Quando
1142 1375 1184 1407 ad
1210 1374 1365 1407 iudicium

1030 1423 1149 1455 Venies
1175 1425 1348 1466 scrutator,

983 1473 1076 1505 Tunc
1104 1472 1279 1504 clamorem
1305 1481 1486 1513 pauperum

1029 1521 1117 1553 Audi
1144 1522 1316 1553 miserator

981 1570 1119 1610 Vimque
1146 1570 1233 1610 pelle
1259 1569 1411 1612 hostium,

1029 1619 1139 1652 Fortis
1165 1622 1400 1660 propugnator.

981 1683 1064 1722 Ave,
1091 1692 1110 1715 o
1135 1682 1258 1716 fiducia

1030 1732 1168 1765 Animae
1195 1733 1342 1774 devotae,

982 1780 1079 1813 Fidei
1106 1781 1292 1815 constantia

1029 1830 1106 1862 Tibi
1131 1831 1215 1864 bene
1239 1834 1352 1875 notae,

982 1879 1058 1912 Orci
1085 1878 1139 1912 fac
1164 1880 1327 1921 supplicia

1030 1930 1058 1961 A
1086 1930 1180 1962 nobis
1208 1933 1332 1962 remote

983 1978 1139 2019 Regionis
1167 1978 1289 2021 gaudia

1031 2027 1189 2069 Largiens
1214 2027 1356 2069 ignotae.

983 2093 1067 2132 Ave,
1095 2102 1113 2124 0
1142 2092 1366 2125 dulcissimum

1031 2141 1142 2173 Meum
1169 2143 1325 2182 salutaro,

985 2190 1078 2229 Quod
1106 2199 1206 2223 conor
1232 2198 1292 2229 per
1320 2192 1484 2226 canticum

1033 2238 1074 2271 ld
1099 2236 1322 2280 magnificare,

987 2287 1052 2320 Cor
1078 2296 1184 2319 meum
1210 2285 1435 2323 foedissimum

1033 2335 1187 2376 Digneris
1214 2337 1374 2370 mundare

983 2384 1030 2417 Et
1054 2388 1226 2426 purgatum
1251 2388 1439 2427 septuplum

1031 2433 1193 2467 Mundum
1221 2443 1425 2473 conservare.
