1650 2671
723 97 961 134 -4g.-.

211 198 268 233 97.
297 198 322 231 O
350 206 477 230 summa
501 197 683 239 paternitas

336 247 468 281 Cunctis
496 245 731 287 praedicanda,

289 297 314 330 Ο
342 296 446 338 prolis
472 296 627 328 nativitas

333 345 437 379 Nobis
464 345 644 386 adoranda,

289 396 314 429 O
341 395 447 428 sancti
470 394 657 436 proprietas

337 444 480 486 Spiritus
506 444 657 484 amanda,

284 492 390 528 Aufer
415 502 536 534 poenas
565 493 692 526 debitas

334 543 400 576 Pro
427 543 524 583 culpa
549 541 705 577 nefanda.

205 603 260 638 98.
290 602 422 635 Summa
446 601 511 634 Dei
535 601 674 644 bonitas,

334 653 365 685 A
391 660 454 691 qua
480 660 574 683 omne
600 651 730 694 bonum,

285 699 452 734 Praebens
478 700 543 732 tuis
570 699 692 741 gratias

336 749 612 790 Consolationum‚

284 799 389 832 Tuum
415 807 488 831 mea
512 799 660 840 pravitas

331 847 456 881 Flectit
481 852 557 880 ante
583 847 745 890 thronum,

283 897 342 930 Uti
368 905 387 928 a
411 905 463 928 me
489 896 601 938 abigas

333 946 456 979 Ensem
480 946 650 979 ultionum.

910 199 967 233 99.
996 198 1021 231 O
1048 198 1276 232 inenarrabilis

1041 248 1214 281 Institutor
1239 248 1336 293 vitae,

993 297 1023 329 A
1052 298 1175 330 cunctis
1199 297 1348 331 amabilis

1039 346 1182 380 Exstans
1207 345 1343 389 infinite,

992 394 1060 428 Nos
1086 396 1147 429 tibi
1170 397 1204 429 in
1230 397 1366 438 singulis

1042 444 1111 477 Fac
1136 445 1260 479 servire
1284 446 1358 486 rite,

991 493 1037 527 Ut
1062 493 1162 527 finitis
1188 495 1325 528 saeculis

1039 542 1158 577 Dicas:
1184 543 1316 576 Mecum
1338 545 1396 579 ite.

887 602 967 636 100.
993 601 1302 635 Misericordissime

1039 652 1148 692 Pater,
1175 651 1293 692 Logos,
1321 651 1469 695 Flamen,

990 700 1038 733 Te
1063 710 1123 741 per
1147 698 1289 742 flagrans
1314 700 1428 734 intime

1036 749 1207 790 Deprecor
1229 758 1396 790 conamen,

990 798 1041 832 Ut
1066 799 1170 840 pellas
1196 798 1367 831 mitissime

1039 848 1200 881 Praesens
1226 847 1433 891 tribulamen,

990 895 1058 936 Quo
1084 906 1142 930 nos
1165 896 1367 938 iniquissime

1036 945 1157 979 Hostes
1185 948 1315 981 vexant.
1367 947 1485 982 Amen.

630 1033 948 1075 Quinquagena
972 1035 1036 1068 III.

178 1104 260 1138 101.
287 1103 432 1136 Trinitas
459 1103 500 1136 ab
529 1103 677 1135 omnibus

334 1151 444 1185 Rebus
471 1154 651 1194 segregata,

283 1202 458 1234 Praestans
486 1200 707 1234 abundantius

334 1249 406 1284 Illis
432 1253 641 1291 praeparata,

283 1299 408 1332 Nostra
433 1308 522 1331 mens
548 1297 700 1331 humilius

332 1348 422 1382 Petit
447 1350 479 1380 te
504 1350 681 1389 prostrata,

284 1397 333 1431 Ut
355 1396 460 1439 ipsius
485 1397 623 1438 gemitus

336 1446 450 1480 Solvas
479 1448 512 1477 et
536 1448 682 1486 peccata.

177 1507 259 1540 102.
288 1506 313 1539 O
340 1504 580 1537 indissolubilis

335 1554 440 1588 Causa
463 1553 629 1594 bonitatis,

285 1603 387 1643 Quam
413 1603 512 1635 laudo
540 1611 612 1635 cum
637 1603 762 1643 angelis

332 1653 370 1686 In
396 1651 447 1684 his
470 1652 680 1694 praedicatis,

287 1701 442 1735 Dederim
469 1701 607 1741 piaculis

335 1750 436 1784 Modo
461 1750 566 1782 locum
594 1751 672 1782 satis

286 1800 395 1833 Sacris
422 1799 629 1832 adminiculis

333 1849 453 1882 Matris
478 1849 622 1889 pietatis.

177 1908 258 1942 103.
285 1909 310 1942 Ο
337 1918 406 1951 rex,
438 1916 549 1948 regum
576 1907 717 1946 domine,

336 1958 460 1991 Carens
486 1957 694 1997 detrimentO,

288 2006 353 2039 Sed
379 2006 516 2038 amictus
541 2006 662 2039 lumine

332 2055 430 2088 Velut
457 2055 660 2096 vestimento,

285 2105 413 2137 Mariae
438 2104 625 2144 precamine

333 2155 481 2193 Purgare
505 2156 666 2186 memento

283 2204 352 2236 Nos
378 2202 419 2234 ab
446 2202 532 2234 omni
560 2202 694 2235 crimine

333 2251 476 2285 Brachio
503 2254 644 2286 extento.

177 2314 258 2347 104.
283 2312 353 2346 Ens
381 2314 413 2343 et
438 2319 509 2342 esse
535 2310 688 2352 omnium,

335 2360 479 2395 Trinitas
505 2359 613 2401 beata,

286 2412 333 2444 Te
358 2409 626 2452 participantium

333 2461 397 2494 Per
422 2459 506 2491 dona
529 2458 657 2500 collata,

985 1103 1094 1136 Corda
1113 1106 1146 1136 te
1173 1103 1398 1145 quaerentium

1038 1152 1103 1185 Per
1128 1153 1210 1185 haec
1234 1152 1429 1193 praedicata

988 1200 1167 1234 Laetentur
1195 1201 1382 1234 caelestium

1038 1250 1154 1283 Choris
1181 1250 1313 1284 sociata.

880 1309 960 1342 105.
989 1308 1014 1341 O
1041 1318 1149 1341 rerum
1174 1309 1373 1350 principium

1036 1357 1335 1400 Superprincipale‚

985 1406 1074 1446 Ipsis
1101 1407 1345 1439 contubernium

1036 1454 1169 1488 Donans
1196 1455 1325 1496 sociale,

986 1503 1060 1536 Duc
1084 1514 1143 1537 nos
1170 1505 1203 1537 in
1230 1505 1425 1537 consortium

1035 1553 1139 1586 Tuum
1167 1554 1343 1595 aeternale,

986 1602 1054 1643 Quo
1082 1612 1234 1635 canamus
1262 1603 1421 1647 canticum

1035 1651 1111 1685 Tibi
1136 1652 1280 1693 speciale

880 1710 959 1744 106.
988 1710 1013 1743 O
1040 1711 1195 1752 princeps
1223 1709 1339 1743 deifice

1037 1760 1149 1793 Omnis
1174 1761 1346 1801 potestatis

987 1809 1170 1850 Rectorque
1192 1809 1330 1842 mirifice

1037 1858 1280 1901 UniversitatiS,

987 1906 1130 1940 Subveni
1153 1906 1288 1941 mitifice

1037 1956 1170 1990 Cunctis
1195 1956 1372 1999 tribulatis,

988 2009 1075 2046 Quos
1102 2010 1198 2039 vexat
1225 2006 1396 2039 barbarice

1035 2057 1161 2088 Auctor
1186 2055 1352 2088 falsitatis.

878 2115 958 2149 107.
985 2114 1072 2146 Deus
1098 2113 1293 2154 incapabilis

1034 2163 1156 2195 Mentis
1182 2162 1318 2206 ratione,

984 2212 1140 2244 Attamen
1167 2211 1344 2244 laudabilis

1033 2260 1185 2294 Humano
1210 2269 1360 2294 sermone

985 2310 1030 2343 Et
1055 2319 1134 2342 vere
1158 2310 1308 2344 amabilis

1033 2359 1072 2392 In
1098 2359 1269 2394 affectione

984 2409 1035 2442 Ac
1062 2409 1291 2442 desiderabilis

1032 2458 1329 2500 Contemplatione.
