1650 2671
718 137 766 142 —
818 117 886 152 1130
937 137 986 142 -—

205 219 236 249 5.
252 219 333 253 Ave.
361 216 559 258 prophet-ata
585 216 766 256 antiquitus

252 266 442 299 Grenituram
470 265 614 297 divinam
640 264 797 309 subolem,

254 314 493 347 Defunctorum
519 313 640 346 exaudi
664 313 814 357 gemitus,

255 363 377 404 Quibus
394 362 529 403 pulsant
544 364 577 394 te
588 362 818 395 venerabilem.

204 463 236 495 6.
250 462 333 503 Ave,
360 460 509 503 genetrix
535 460 735 502 homousion,

251 510 319 550 Quo
345 511 532 551 praestatur

324 559 413 591 salus
440 558 658 602 credentibus,

252 608 358 649 Purga
391 615 506 650 meam,
536 616 644 647 exoro,
672 608 817 649 miticon,

249 655 467 690 Defoedatam
493 656 622 697 peccati
647 657 809 693 sordibus,

205 756 334 795 7.Ave,
362 764 457 797 quam
483 755 635 788 melodiis
662 755 788 788 melicis

251 804 450 837 Devotorum
480 805 645 837 collaudat
669 805 793 845 unitas,

252 852 461 895 Laquat-ismo
488 862 540 885 me
567 857 698 894 captum
716 854 816 886 illiois

251 903 367 936 Hostis
391 905 448 934 tua
473 903 616 935 resolvat
640 903 757 944 pietas.

206 1002 237 1034 8.
253 1003 334 1045 Ave,
364 1002 464 1041 virgo,
493 1010 585 1041 quem
610 1001 764 1034 alimonia

253 1050 364 1083 Lactis
391 1049 454 1081 Dei
482 1050 603 1090 pavisti
629 1049 741 1091 filium,

251 1099 335 1131 Mihi
361 1098 428 1131 eius
455 1099 497 1131 ad
524 1099 675 1131 tirocinia

253 1147 449 1181 Consecrato
475 1148 598 1187 praebe
623 1148 790 1181 auxilium.

203 1247 234 1280 9.
249 1247 332 1288 Ave,
350 1249 455 1278 mater
474 1248 508 1278 et
524 1246 660 1278 thronus
679 1247 815 1287 gratiae,

250 1295 320 1335 Qua
326 1296 472 1327 solantur
480 1294 581 1326 corda
590 1296 814 1339 maerentium,

250 1344 372 1385 Regem
398 1343 492 1375 nobis
518 1344 614 1384 placa
642 1344 798 1381 iustitiae,

249 1393 328 1426 Cum
354 1392 453 1425 finale
478 1396 539 1424 erit
566 1393 730 1426 iudicium.

179 1491 234 1523 10.
250 1491 332 1532 Ave,
359 1491 462 1530 virgo,
490 1490 585 1522 sedes
612 1490 768 1523 altissimi.

250 1539 320 1579 Qua
345 1539 469 1571 resedit
485 1539 619 1571 novenis
637 1539 813 1581 mensibus,

248 1588 336 1627 Mea,
364 1596 492 1629 quaeso,
522 1597 642 1620 arcana
667 1588 766 1620 animi

248 1638 280 1670 A
305 1636 469 1678 perversis
495 1645 592 1669 serva
613 1637 814 1670 haeresibus,

179 1735 234 1768 11.
249 1736 332 1777 Ave,
362 1736 402 1768 de
428 1744 491 1776 qua
516 1743 669 1775 suprema
695 1735 816 1768 veritas

250 1786 386 1819 Carnem
414 1784 554 1824 sumpsit

321 1844 380 1875 pro
407 1833 492 1865 natis
517 1833 694 1874 hominum,

249 1884 315 1917 Per
341 1886 374 1916 te
398 1891 472 1915 mea
497 1884 654 1925 purgetur
671 1884 811 1927 vanitas,

248 1933 318 1973 Qua
344 1933 502 1972 deturpor

321 1981 479 2014 instinctu
506 1981 708 2014 daemonum.

179 2080 233 2113 12.
248 2079 332 2123 Ave,
359 2080 436 2112 luna
461 2079 530 2111 sole
555 2080 770 2123 praeclarior,

250 2129 337 2168 Quae
362 2129 492 2168 ignoras
509 2128 597 2160 viam
617 2129 813 2170 eclipticam,

248 2177 458 2210 Tribulamen
472 2175 575 2217 aufer,
592 2178 679 2218 quod
695 2178 813 2218 patior,

250 2227 315 2259 Per
341 2225 519 2259 orationem
544 2225 759 2267 magnificam.

177 2326 233 2360 13.
248 2327 331 2369 Ave,
359 2324 449 2365 virgo
476 2323 601 2357 formae
628 2325 787 2368 egregiae,

249 2375 396 2410 Oriunda
420 2382 532 2415 regum
558 2374 722 2418 prosapia,

249 2425 403 2459 lnimicos
428 2423 520 2464 pacis
547 2425 580 2455 et
604 2423 730 2463 gratiae

250 2474 413 2517 Superare
439 2471 492 2506 fac
518 2481 568 2504 me
590 2472 760 2506 modestia.

882 215 938 248 14.
954 216 1036 258 Ave,
1056 223 1144 255 arca,
1162 224 1282 247 manna
1297 215 1522 249 dulcissimum

951 264 988 296 ln
1008 266 1042 296 te
1058 272 1193 296 servans
1208 263 1354 304 legisque
1368 264 1523 305 paginam

955 313 1067 345 Bonae
1091 312 1180 345 vitae
1203 312 1288 345 dona
1307 313 1522 353 propositum,

952 362 1020 403 Quo
1039 360 1180 394 caeleste
1197 369 1335 403 regnum
1348 361 1524 397 obtineam.

882 460 939 494 15.
953 460 1036 504 Ave,
1064 459 1169 503 stella,
1197 459 1287 492 cuius
1305 461 1521 502 praeclaritas

956 509 1090 542 Cunctis
1108 508 1207 541 astris
1226 511 1335 541 exstat
1352 508 1521 554 fulgidior,

953 559 992 591 ln
1019 557 1173 591 extremis
1198 558 1280 590 mihi
1305 559 1463 591 securitas

952 607 1045 647 Esto,
1075 616 1145 639 cum
1172 609 1220 639 est
1239 607 1342 639 hostis
1359 606 1521 641 infestior.

882 706 938 740 16.
953 707 1036 747 Ave,
1066 705 1185 743 cellula
1209 706 1439 749 pigmentaria,

953 755 1138 789 Odoramen
1165 755 1246 787 dans
1272 754 1524 798 balsamiticum‚

950 805 1172 838 Insectantem
1197 813 1256 836 nos
1284 803 1463 846 plurifaria

950 853 1085 887 Fraude
1109 853 1237 885 hostem

1024 911 1136 944 preme
1161 901 1363 937 vulnificum.
1419 918 1425 924 ⁴

879 1002 934 1035 17.
950 1003 1032 1042 Ave,
1054 1001 1144 1035 cuius
1172 1011 1229 1034 nos
1256 1002 1443 1035 amabilitas

949 1052 1005 1083 Ad
1024 1051 1226 1083 laudandum
1242 1053 1274 1083 te
1289 1052 1375 1092 cogit
1386 1052 1518 1093 iugiter,

948 1100 1004 1132 Ad
1032 1109 1167 1133 coronas
1193 1100 1287 1133 nobis
1314 1101 1502 1141 propositas

951 1148 1128 1181 Pervenire
1154 1148 1208 1181 fac
1232 1158 1292 1181 nos
1319 1149 1486 1185 velociter.

878 1248 1029 1290 18.Ave,
1058 1247 1161 1289 virgo,
1189 1256 1271 1288 quae
1295 1248 1472 1288 pretiosior

949 1296 1071 1329 Exstas
1097 1305 1176 1328 auro
1204 1298 1329 1329 cunctis
1349 1297 1516 1339 operibus,

951 1346 1141 1378 Passionem
1150 1346 1278 1385 mentis,
1290 1355 1387 1387 quam
1397 1347 1517 1387 patior,

949 1394 1028 1426 Tuis
1054 1393 1148 1427 aufer
1173 1395 1387 1429 orationibus,

878 1491 933 1525 19.
947 1492 1031 1533 Ave,
1058 1492 1254 1525 admiranda
1278 1494 1313 1525 in
1340 1495 1516 1534 saeculum,

949 1541 1050 1581 Quam
1064 1542 1126 1573 hac
1139 1541 1228 1574 dulci
1239 1541 1320 1574 affor
1330 1543 1519 1584 dictamine,

949 1589 1015 1622 Sub
1042 1591 1167 1623 honore
1192 1591 1305 1623 mundi
1329 1592 1513 1632 periculum

948 1638 1153 1672 Sustinentes
1177 1639 1255 1672 iuva
1280 1641 1481 1680 precamine.

877 1736 934 1771 20.
948 1737 1031 1778 Ave,
1060 1739 1215 1769 coronata
1239 1737 1412 1779 magnifice

949 1785 1196 1828 Privilegiorum
1220 1787 1382 1831 insigniis,

952 1835 1094 1869 Obviare
1119 1833 1173 1867 fac
1197 1845 1250 1868 me
1274 1836 1413 1877 pacifice

951 1884 1210 1926 Persequentum
1234 1885 1430 1921 inimicitiis.

878 1983 935 2017 21.
949 1984 1032 2025 Ave,
1061 1984 1151 2016 cuius
1179 1984 1301 2017 ventris
1328 1985 1486 2026 oppidulo

949 2033 1522 2077 AdbellandumseGhristusinduit,

952 2082 1012 2122 Qui
1037 2082 1213 2123 pugnando
1240 2083 1346 2115 crucis
1366 2084 1517 2124 patibulo

949 2131 1003 2164 Ab
1029 2130 1159 2164 inferno
1186 2140 1261 2164 suos
1289 2132 1420 2174 eripuit.

879 2231 937 2262 22.
952 2230 1035 2270 Ave,
1061 2229 1164 2271 virgo,
1195 2228 1268 2262 fons
1293 2231 1507 2273 lucidissime,

948 2278 1077 2319 Aquam
1101 2278 1190 2310 vitae

1022 2326 1184 2368 praebens
1210 2328 1410 2369 potantibus,

952 2375 1133 2409 Turbativa
1160 2376 1338 2409 clementer
1364 2380 1520 2426 reprime,

950 2425 1072 2465 Quibus
1098 2433 1230 2465 premor

1024 2476 1065 2507 ab
1093 2475 1356 2511 adversantibus
