1650 2671
138 183 193 216 27.
221 183 303 224 Ave,
331 182 430 216 arbor
454 181 583 225 florida,

270 233 412 265 Fructus
439 241 501 273 qua
528 231 657 265 (livinus

222 281 345 322 Crevit,
373 290 491 314 sanans
517 280 669 313 morbida

271 329 388 374 Corda,
415 338 498 371 quae
523 329 676 372 vulpinus

220 378 323 411 Dolus
351 377 427 411 fecit
454 378 601 420 sordida,

269 428 360 467 Rogo
386 430 420 460 te
446 428 598 469 reclinus,

221 477 322 509 Prece
348 479 404 509 tua
430 476 541 510 vivida

270 526 349 567 Fac,
377 526 435 558 sim
464 525 677 558 columbinus.

140 605 197 638 28.
221 604 305 645 Ave,
334 604 383 636 cui
410 604 577 645 geniculor

270 652 384 686 Cordis
411 662 450 686 ex
476 662 597 693 amore,

224 701 308 734 Nam
335 702 422 734 omni
447 701 604 743 profiteor

268 751 316 783 Te
344 751 473 792 dignam
501 751 634 789 honore,

224 799 318 832 Assis
342 799 432 840 mihi,
461 800 633 841 deprecor,

270 848 405 881 Gratiae
430 849 574 892 madore,

219 896 301 937 Quia
326 897 390 929 iam
418 897 578 930 destituor

266 946 304 978 In
333 946 456 979 carnali
482 945 572 979 flore.

137 1026 196 1058 29.
222 1025 306 1066 Ave,
327 1033 423 1064 quam
449 1033 507 1064 per
533 1027 735 1066 grammaton

269 1072 374 1105 Huius
400 1073 613 1113 symphoniae

224 1121 365 1154 Matrem
393 1122 580 1154 homousion

272 1169 386 1203 Scribo
412 1170 465 1203 vel
490 1170 634 1215 sophiae,

220 1219 245 1252 O
272 1218 352 1252 felix
379 1219 549 1252 theotocon

271 1268 408 1301 Praesta
430 1268 510 1301 mihi
535 1268 600 1310 pie,

222 1316 273 1348 Ne
297 1325 349 1349 me
373 1320 449 1350 urat
475 1317 676 1359 Phlegethon

271 1366 308 1398 In
336 1369 481 1398 extremo
509 1367 570 1400 die.

135 1446 191 1478 30.
220 1445 304 1487 Ave,
332 1445 551 1479 lucernarium

271 1493 363 1527 Caeli
387 1496 522 1534 portans
547 1495 668 1531 lumen,

218 1542 311 1582 Quod
337 1551 397 1583 per
421 1543 550 1575 modum
578 1543 700 1576 varium

273 1591 380 1624 Menti
407 1592 464 1624 dat
487 1601 634 1632 acumen,

224 1639 352 1673 Perduc
378 1649 429 1672 me
454 1640 487 1672 in
515 1641 682 1681 caelicum,

269 1688 447 1734 Deprecor,
478 1698 641 1732 cacumen,

222 1737 432 1778 Contempler
456 1738 490 1770 in
515 1739 678 1772 saeculum

272 1786 317 1820 Ut
342 1790 510 1820 aeternum
536 1797 665 1822 numen.

139 1866 197 1899 31.
222 1866 304 1910 Ave,
334 1866 431 1899 stella
455 1867 605 1911 rutilam,

269 1914 373 1949 Stella
397 1916 567 1959 matutina,

221 1963 323 2003 Quam
350 1964 502 1997 accendit
526 1966 660 1999 radians

268 2012 406 2054 Semper
428 2014 484 2047 lux
512 2014 633 2056 divina,

219 2062 313 2103 Esto,
340 2072 468 2106 precor,
495 2064 654 2097 miserans

269 2111 335 2153 Me,
365 2112 505 2145 clemens
532 2113 654 2158 regina,

223 2159 323 2199 Quem
349 2162 466 2202 pungit
491 2163 710 2197 exterminans

274 2209 433 2242 Vitiorum
460 2211 566 2251 spina.

141 2291 197 2324 32.
224 2289 308 2331 Ave,
336 2287 385 2320 cui
412 2293 607 2330 pneumaton

270 2338 356 2372 Olim
382 2337 599 2380 obumbravit,

225 2387 366 2421 Matrem
395 2388 584 2421 homousion

273 2438 353 2472 Cum
380 2439 413 2469 te
440 2437 653 2480 consecravit,

761 84 832 120 184
883 104 928 110 —

921 182 1037 225 Aufer,
1065 193 1083 217 o
1109 183 1292 226 theotocon,

971 233 1072 266 Pater
1098 242 1191 275 quam
1221 232 1350 273 amavit,

921 282 1095 325 Ardorem,
1125 291 1218 323 quem
1244 281 1396 314 Acheron

969 330 1067 363 Malis
1095 328 1317 373 praeparavit.

841 410 899 443 33.
924 409 1008 451 Ave,
1036 418 1129 449 quam
1156 410 1269 452 religio

972 457 1058 491 Novi
1079 458 1267 491 testamenti

922 507 1101 547 Frequenti
1127 506 1278 548 suffragio

973 555 1087 589 Pulsat
1111 556 1143 588 in
1170 556 1347 596 praesenti,

923 604 1015 637 Assis
1042 613 1060 636 e
1086 604 1222 646 vestigio

970 651 1054 686 Mihi
1081 662 1167 686 nunc
1192 654 1351 686 maerenti

919 702 958 734 ln
985 707 1040 736 tuo
1068 700 1217 744 confugio

970 751 1110 784 Multum
1138 751 1325 787 confidenti.

839 831 895 863 34.
922 831 1005 872 Ave,
1033 839 1116 870 quae
1141 830 1290 863 devotius

970 878 1067 919 Legis
1094 879 1301 920 obsequelam

920 927 1050 960 Tenens
1074 928 1133 960 das
1161 928 1373 961 credentibus

969 977 1177 1019 Exemplum,
1205 977 1383 1016 suadelam,

919 1025 967 1057 Te
994 1026 1153 1065 deprecor
1178 1026 1347 1067 attentius,

970 1074 1105 1107 Praesta
1134 1072 1349 1118 confugelam‚

923 1123 991 1163 Qua
1018 1122 1159 1155 devitem
1186 1122 1310 1155 cautius

971 1171 1112 1204 Satanae
1138 1172 1286 1205 sutelam.

837 1251 893 1284 35.
920 1250 1004 1291 Ave,
1031 1253 1136 1283 mater
1159 1249 1261 1283 afflua

971 1299 1094 1332 Mentis
1120 1299 1253 1343 pietate,

923 1347 1033 1381 Corda
1059 1347 1164 1389 culpis
1194 1357 1297 1381 vacua

970 1397 1115 1441 Replens
1142 1397 1289 1438 caritate,

920 1446 951 1478 A
977 1455 1039 1489 me,
1067 1455 1185 1486 precor
1212 1456 1333 1480 cernua

970 1494 1019 1527 Te
1044 1494 1239 1537 humilitate,

923 1543 967 1576 Ut
992 1544 1160 1585 propellas
1186 1553 1290 1577 nocua

971 1592 1048 1625 Cum
1075 1593 1257 1634 iniquitate.

838 1673 893 1706 36.
921 1672 1004 1715 Ave,
1031 1680 1049 1703 o
1077 1672 1261 1705 columbula

971 1720 1041 1753 Zeli
1068 1730 1183 1754 carens
1209 1720 1298 1761 felle,

924 1770 989 1803 Sed
1016 1770 1127 1803 cluens
1152 1779 1213 1811 per
1238 1772 1369 1804 saecula

972 1819 1160 1852 Gratiarum
1185 1821 1294 1862 melle,

923 1867 1030 1901 Aufer
1056 1872 1174 1901 cuncta
1199 1870 1358 1903 scandala

973 1918 1146 1952 Credentis
1172 1919 1334 1952 turbellae

923 1967 1112 2009 Nostraque
1137 1967 1268 2009 piacula

971 2016 1105 2050 Penitus
1132 2017 1246 2053 evelle.

838 2095 894 2132 37.
921 2098 1003 2140 Ave,
1032 2097 1230 2130 venerabilis

971 2145 1143 2188 Virginum
1169 2148 1293 2190 regina,

925 2194 1060 2228 Cunctis
1084 2197 1323 2238 praeoptabilis

973 2244 1110 2278 Gratiae
1135 2247 1254 2289 resina,

923 2293 1011 2326 Meis
1038 2294 1084 2327 sis
1110 2296 1262 2338 piaculis,

974 2344 1107 2386 Precor,
1132 2346 1308 2390 medicina,

924 2393 975 2425 Ne
1001 2394 1255 2429 interminabilis

972 2442 1030 2476 Me
1055 2446 1186 2485 premat
1210 2446 1315 2482 ruina,
