1650 2671
196 235 277 270 136.

197 655 276 690 137.

192 1075 271 1109 138.

193 1495 274 1529 139.

192 1916 271 1949 140.

196 2337 277 2372 141.

722 135 988 172 —226—

304 235 386 277 Ave,
415 234 529 268 domus
554 242 654 267 aurea

356 284 478 318 Summi
505 283 687 316 Salomonis

302 332 349 365 Et
373 332 497 366 fiscella
520 333 650 373 scirpea

351 382 414 415 Dei
439 381 633 421 Pharaonis,

302 430 326 463 O
353 430 454 463 turris
481 429 624 463 eburnea

348 477 551 512 Praefulcita
575 479 714 522 thronis,

305 528 393 561 Arce
413 529 480 561 tela
504 528 601 568 ignea

348 577 411 610 Dei
437 576 628 618 Babylonis.

301 655 385 696 Ave,
412 654 610 689 venerabilis

352 704 460 748 Caelo,
486 706 606 748 terrae,
633 704 728 745 mari,

299 753 400 793 Quam
427 761 497 786 cum
525 753 647 786 sanetis
672 752 797 794 angelis

350 802 460 835 Glisco
487 801 647 843 venerari,

301 850 443 890 Quorum
468 859 520 883 me
545 851 685 884 oraculis

348 900 492 941 Tuisque
514 900 616 933 solari

301 949 394 992 Peto,
421 952 458 981 ut
483 948 646 981 caelicolis

347 998 469 1037 Queam
495 998 624 1032 sociari.

299 1074 381 1115 Ave,
409 1074 672 1116 naufragantium

348 1125 467 1158 Portus
493 1124 647 1157 salut-aris

299 1172 385 1213 Ipsis
413 1173 494 1206 dans
517 1173 721 1214 praesidium

347 1222 448 1255 Velut
472 1222 570 1255 stella
594 1223 706 1264 mariS,

299 1270 438 1312 Largire
462 1271 632 1311 solacium,

348 1320 471 1352 Parens
499 1329 616 1361 expers
642 1320 744 1361 parm,

301 1368 450 1401 Omnium
476 1367 635 1401 flebilium

346 1417 496 1450 Fletibus
523 1417 653 1451 amaris,

299 1495 384 1538 Ave⁷
414 1496 496 1528 caeli
522 1496 619 1537 viola,

321 1543 406 1577 Nam
432 1544 629 1578 humilitatis

303 1592 459 1626 Omnibus
488 1602 521 1625 es
548 1593 662 1635 regula

347 1642 394 1674 Et
418 1642 638 1685 benignitatis,

300 1689 417 1724 Cordis
443 1691 507 1723 mei
533 1691 690 1724 scandala

348 1739 443 1772 Tolle
469 1749 540 1773 cum
569 1741 714 1782 peccatis

300 1788 440 1830 iungens
466 1798 519 1821 me
542 1799 603 1831 per
629 1790 761 1823 saecula

343 1837 555 1872 Beatificatis.

299 1916 381 1957 Ave,
409 1917 655 1951 tabernaculum

348 1965 507 1999 Foederis
534 1966 647 2007 divini,

301 2014 368 2055 Quo
395 2018 527 2048 sumunt
551 2015 776 2049 umbraculum

345 2063 460 2096 Mente
485 2064 671 2109 columbini,

296 2110 394 2144 Sume
418 2112 615 2146 sacrificium

348 2160 462 2194 Cultus
487 2163 680 2205 vespertini,

300 2208 430 2242 Dictum
457 2220 518 2251 per
544 2212 713 2245 servitium

348 2258 410 2291 Tui
435 2260 597 2300 inquilini.

305 2339 387 2381 Ave,
414 2337 682 2378 prophetantium

348 2386 461 2427 Typus
488 2389 521 2418 et
546 2387 650 2431 figura

298 2435 345 2470 Et
370 2436 410 2469 de
435 2439 469 2468 te
493 2438 697 2471 narrantium

347 2485 455 2519 Multa
479 2485 662 2532 profutura,

897 459 978 493 142.

893 880 973 915 143.

894 1303 974 1338 144.

894 1724 974 1759 145.

893 2146 974 2180 146.

1007 236 1059 269 Sis
1084 235 1364 277 peregrinantium

1054 284 1178 318 Semina
1202 294 1328 329 secura,

1006 334 1137 367 Ducens
1162 343 1221 367 nos
1247 333 1290 367 ad
1318 332 1467 366 bravium

1054 382 1212 424 Bonaque
1237 381 1359 417 futura.

1006 461 1089 500 Ave,
1116 460 1193 493 aula
1217 461 1310 502 regia

1055 508 1179 542 Summi
1206 510 1374 550 creatoris,

1006 556 1105 590 Cuius
1131 557 1306 599 privilegia

1054 605 1224 639 Resonant
1247 606 1281 638 in
1309 606 1428 646 choris,

1006 654 1141 695 Adesto,
1170 654 1311 700 egregia,

1052 703 1137 736 Mihi
1164 703 1289 737 cunctis
1315 704 1415 749 horis,

1002 752 1055 785 Ne
1078 761 1178 787 vexer
1201 753 1329 794 inergia

1050 801 1186 836 Fraude
1214 802 1413 844 deceptoris.

1001 881 1083 924 Ave,
1111 881 1256 913 Hesther
1280 880 1435 921 precibus

1051 929 1190 963 Salvans
1216 929 1487 970 Mardochaeum,

1001 979 1051 1011 Tu
1076 978 1180 1012 funda
1205 978 1372 1019 lapidibus

1052 1028 1208 1061 sternens
1234 1027 1464 1071 Philistaeum‚

1000 1076 1127 1110 Munda
1152 1076 1285 1117 plenum
1312 1076 1478 1118 sordibus,

1050 1125 1230 1167 Deprecor,
1259 1134 1316 1158 cor
1342 1134 1464 1168 meum,

1002 1174 1149 1217 Abigens
1176 1183 1196 1207 a
1219 1173 1341 1207 finibus

1051 1223 1134 1256 Eius
1159 1223 1365 1258 Iebusaeum.

1002 1306 1083 1347 Ave,
1113 1312 1209 1343 quam
1237 1303 1299 1335 hoo
1326 1304 1470 1336 carmine

1052 1350 1159 1385 Conor
1185 1352 1342 1391 exaltare,

999 1401 1038 1434 Iu
1066 1401 1229 1433 caelorum
1257 1401 1398 1433 culmine

1050 1449 1152 1490 Quam
1180 1450 1279 1482 credo
1306 1459 1457 1492 regnare,

1002 1498 1072 1531 Tuo
1099 1499 1141 1531 da
1166 1498 1332 1532 iuvamine

1051 1547 1189 1581 Hostem
1214 1556 1383 1589 superare,

1002 1596 1048 1629 Ut
1075 1605 1147 1629 sme
1171 1599 1363 1638 gravamine

1052 1645 1173 1686 Queam
1198 1650 1232 1678 te
1259 1647 1414 1681 laudare.

1002 1724 1087 1765 Ave,
1118 1734 1135 1756 ο
1164 1724 1282 1758 deifica

1052 1772 1212 1807 Genetrix
1237 1773 1357 1816 Maria,

1004 1821 1119 1855 Gratia
1146 1822 1329 1867 magnifica,

1053 1870 1191 1912 Sapiens
1218 1875 1251 1905 et
1275 1874 1342 1917 pia,

1001 1919 1193 1954 Laudantes
1218 1923 1350 1963 poetica

1048 1968 1124 2003 Hac
1148 1973 1181 2003 te
1205 1971 1351 2006 melodia

1001 2018 1054 2051 Ab
1082 2019 1170 2052 omni
1194 2020 1342 2055 salvifica

1050 2068 1174 2101 Mentis
1199 2071 1379 2112 dyscrasia.

1000 2146 1083 2188 Ave,
1111 2157 1194 2188 quae
1219 2149 1253 2181 in
1280 2151 1419 2184 dextera

1051 2196 1131 2229 Nati
1156 2197 1346 2233 iucundaris

1001 2244 1049 2277 Et
1074 2247 1142 2279 eius
1171 2248 1353 2282 laetissima

1051 2294 1185 2330 Vultum
1212 2299 1466 2343 contemplaris,

1002 2343 1105 2381 Serva
1130 2355 1200 2386 nos,
1230 2347 1432 2392 dulcissima⁷

1051 2395 1083 2428 A
1110 2396 1239 2429 casibus
1266 2398 1400 2442 amaris,

1000 2443 1033 2475 A
1059 2444 1176 2486 quibus
1201 2448 1451 2489 promptissima

1049 2493 1164 2526 Mente
1190 2495 1400 2531 collaudaris.
