1650 2671
686 171 725 177 ——
780 151 857 189 229.
903 171 949 177 ——

167 247 199 280 9.
214 247 298 291 Ave,
327 247 431 290 virgo,
457 252 572 282 nostra
594 251 767 292 protectio,

209 296 305 329 Assis
333 297 427 331 nobis
456 301 510 330 tuo
537 298 716 341 praesidio,

212 345 296 379 Nam
316 345 480 380 incumbit
498 357 616 389 magna
629 349 786 390 turbatio,

212 396 314 435 Quam
344 392 575 438 depellat'tua
601 398 718 431 oratio.

138 454 194 487 10.
210 454 294 496 Ave,
322 455 438 488 mundi
465 456 582 498 regina
608 456 755 500 celebris,

210 503 264 536 Da
290 506 366 545 post
391 502 488 537 finem
514 504 609 537 istius
637 503 785 539 funebris

210 552 308 586 Vitae
334 552 398 586 Dei
416 563 476 586 nos
495 554 585 587 nosci
605 554 784 595 palpebris,

212 600 265 634 Ne
290 603 462 635 tradamur
486 602 610 636 inferni
628 603 783 637 tenebris.

141 660 196 693 11.
212 662 298 704 Ave,
325 662 418 704 virgo
445 662 550 703 stirpe
578 661 761 695 clarissima

216 710 441 752 Genetrixque
463 710 527 744 Dei
553 710 752 753 dignissima,

208 760 257 792 Te
268 763 381 793 exorat
390 759 473 793 haee
484 761 579 801 plebs
589 759 782 799 miserrima,

211 808 258 842 Ut
278 817 452 841 succurras
477 808 511 840 in
539 810 620 841 hora
644 808 769 842 ultima.

137 866 192 900 Μ.
207 867 290 910 Ave,
318 870 425 899 mater
451 866 567 899 summi
595 865 734 905 consilli,

209 915 277 947 Nos
306 914 456 947 timemus
484 915 568 947 diem
593 914 718 954 iudicii,

209 964 359 1005 Namque
377 964 462 996 male
482 964 522 996 de
538 963 631 996 nobis
646 963 780 1005 conscii,

208 1013 274 1046 Sed
302 1017 337 1046 tu
362 1015 432 1046 esto
458 1014 550 1046 locus
577 1012 705 1054 refugii.

136 1073 193 1106 13.
221 1074 304 1115 Ave,
333 1072 436 1115 virgo,
464 1073 565 1105 turris
588 1071 763 1115 Davidica‚

209 1122 336 1156 Cuncta
343 1120 497 1163 frangens
507 1122 596 1154 dicta
602 1121 781 1164 haeretica,

207 1170 314 1204 Aufer
340 1180 359 1203 a
384 1179 438 1204 me
463 1170 544 1204 vitia
570 1170 698 1204 lubrica

209 1221 320 1261 Atque
346 1224 480 1260 praesta
504 1220 625 1261 gaudia
645 1219 779 1253 caelica.

135 1279 194 1313 14.
209 1280 292 1322 Ave,
320 1278 425 1321 virgo,
452 1288 536 1321 quae
561 1279 595 1311 in
621 1278 764 1313 oraculis

210 1328 450 1369 Prophetarum
479 1326 600 1361 fulsisti
626 1328 779 1369 saeculis,

209 1377 279 1410 Nos
306 1377 457 1418 supernis
484 1375 538 1410 fac
556 1377 778 1411 tabernaculis

210 1428 375 1460 Interesse
400 1435 439 1460 ac
466 1427 554 1460 vitae
579 1427 721 1469 pabulis,

131 1486 191 1520 15.
211 1487 294 1528 Ave,
324 1486 415 1519 cuius
441 1484 502 1519 filii
527 1486 636 1527 passio

208 1534 313 1568 Nobis
341 1534 470 1569 exstitit
495 1535 648 1569 liberatio

202 1584 255 1617 Ab
283 1584 413 1618 inferno
441 1587 475 1617 et
499 1585 697 1618 resurrectio

201 1632 326 1667 Nostra
352 1632 415 1666 fuit
439 1633 639 1669 iustificatiO.

132 1693 288 1735 16.Ave‚
318 1692 409 1734 virgo
438 1693 515 1725 celsi
542 1693 705 1734 praesagii

208 1743 258 1774 Ac
282 1742 374 1783 origo
399 1741 505 1775 nostri
531 1741 667 1785 fastigii,

204 1791 287 1824 Esto
314 1790 446 1824 ductrix
472 1792 535 1823 mei
563 1791 690 1833 vestigii

206 1841 317 1881 Atque
342 1840 468 1880 pultrix
497 1840 606 1874 cordis
633 1839 772 1874 fastidii.

131 1899 189 1934 17.
207 1900 290 1938 Ave,
314 1898 409 1940 virgo
427 1898 569 1940 simplex
586 1903 616 1931 et
635 1900 778 1942 sapiens,

206 1948 371 1983 Universa
396 1948 478 1989 legis
505 1949 706 1989 custodiens,

205 1999 269 2032 Per
296 2001 329 2031 te
345 1997 449 2031 hostis
468 1996 601 2039 fugetur
618 1998 777 2038 saeviens,

204 2049 285 2081 Cum
313 2047 356 2081 de
381 2047 503 2080 mundo

279 2097 439 2131 decedam
464 2097 618 2130 moriens.

128 2159 186 2192 18.
202 2157 286 2201 Ave,
316 2156 419 2201 virgo,
448 2156 565 2189 salutis
593 2155 767 2197 balsamus,

200 2208 292 2247 {Quae
298 2216 332 2239 es
338 2206 451 2247 sponsi
460 2205 611 2239 caelestis
616 2204 781 2238 thalamus

198 2259 311 2299 Atque
323 2256 463 2290 thronus
475 2255 544 2288 eius
557 2254 777 2296 dignissimus,

201 2307 293 2340 Mala
317 2304 423 2349 aufer,
450 2306 569 2339 devote
595 2303 747 2345 petimus.

132 2366 189 2401 19.
205 2367 287 2410 Ave,
316 2366 419 2408 virgo,
449 2366 550 2399 decus
578 2363 742 2407 eximium,

201 2417 288 2451 Solis
302 2416 439 2449 vincens
448 2416 542 2457 splen
548 2416 628 2449 dore
634 2414 776 2455 radium⁷

200 2466 291 2500 Audi
319 2474 436 2507 preces
463 2468 496 2498 te
521 2463 745 2498 invocantium

201 2516 339 2557 Absque
358 2524 454 2549 mora
470 2515 596 2557 praebe
609 2513 777 2548 auxilium.

848 252 904 286 20.
919 251 1002 292 Ave,
1031 254 1136 286 mater
1163 255 1248 295 regis
1277 253 1450 295 magnifici,

921 301 1021 340 Quem
1031 303 1171 335 adorant
1179 305 1356 335 conventus
1364 304 1488 343 caelici,

920 349 989 383 Fac
1013 360 1072 384 nos
1098 352 1153 392 pie
1178 351 1219 384 ab
1246 360 1283 384 eo
1307 352 1439 393 respici,

920 399 981 439 Qui
1002 409 1177 440 gravamur
1194 401 1279 433 malo
1302 401 1487 442 multiplici.

848 458 1002 499 21.Ave‚
1031 459 1134 501 virgo,
1162 467 1245 499 quae
1271 462 1325 492 tuo
1352 459 1428 492 filio,

920 507 1001 540 Cum
1027 508 1188 548 penderet
1206 509 1311 541 crucis
1330 508 1487 550 patibulo,

919 555 1065 589 Astitisti
1092 565 1162 589 cum
1191 557 1259 590 eius
1287 556 1418 594 famulo,

921 604 1023 645 Opem
1050 608 1105 638 tuo
1131 606 1256 646 largire
1281 607 1422 638 servum.

845 664 903 696 22.
918 663 1002 705 Ave,
1028 665 1134 695 mater
1150 666 1338 697 sanctorum
1355 664 1486 705 iubilus‚

918 711 966 744 Te
992 712 1131 744 honorat
1156 710 1264 744 fidelis
1291 714 1442 753 populus,

918 759 967 792 Tu
982 760 1037 799 siS,
1059 762 1161 800 virgo,
1178 768 1346 792 caecorum
1364 761 1487 792 oculus.

917 807 981 840 Pes
989 807 1190 850 claudorum,
1201 809 1294 848 virga
1301 811 1331 840 et
1341 808 1484 840 baculus.

844 867 901 900 23.
918 866 1002 907 Ave,
1031 865 1113 898 caeli
1142 866 1295 898 virtutum
1325 867 1465 910 domina,

918 914 1017 949 Cuius
1044 917 1139 947 natus
1166 923 1292 946 summa
1317 915 1466 955 potentia

916 963 1104 997 Debellavit
1131 963 1323 996 daemonum
1350 963 1481 1004 agmina

914 1012 960 1046 Et
973 1021 1060 1045 nunc
1074 1015 1192 1054 regnat
1204 1013 1238 1045 in
1252 1012 1357 1053 patris
1370 1012 1485 1055 gloria.

844 1073 899 1105 24.
912 1073 998 1111 Ave,
1027 1071 1163 1105 thronus
1181 1071 1246 1104 Dei
1266 1071 1485 1113 dignissimus,

916 1121 1073 1155 Inimicus
1103 1130 1161 1154 nos¹
1190 1123 1289 1154 vexat
1313 1121 1486 1162 pessimus,

914 1170 961 1204 Et
987 1171 1116 1203 omnino
1144 1171 1236 1212 quasi
1265 1170 1443 1212 deficimus,

914 1220 966 1253 De
980 1223 1013 1252 te
1023 1223 1131 1253 tamen
1141 1229 1270 1262 semper
1283 1219 1364 1253 confi
1370 1221 1486 1253 dimus.

844 1279 900 1312 25.
916 1280 1001 1322 Ave,
1028 1279 1121 1322 virgo
1147 1278 1251 1312 mirae
1278 1279 1473 1312 dulcedinis.

916 1329 1029 1362 Omnis
1058 1337 1176 1370 expers
1204 1328 1442 1371 amaritudinis,

913 1376 1026 1410 Motus
1052 1376 1147 1410 aufer
1173 1386 1192 1409 a
1217 1386 1270 1410 me
1294 1376 1455 1419 libidinis,

916 1425 966 1459 Ne
986 1427 1158 1467 demergar
1177 1430 1274 1460 antro
1289 1426 1488 1460 formidinis.

847 1486 904 1519 26.
919 1486 1001 1525 Ave,
1025 1485 1126 1527 virgo,
1142 1494 1257 1519 norma
1272 1485 1486 1527 credentium,

916 1534 1124 1568 Consolatrix
1150 1537 1185 1568 in
1213 1540 1244 1569 te
1270 1535 1482 1577 sperantium,

910 1584 1010 1627 Eece,
1036 1584 1138 1616 instat

987 1637 1102 1667 contra
1127 1642 1186 1667 nos
1212 1635 1384 1675 proelium,

914 1683 1020 1716 Tuum
1046 1692 1105 1715 ora
1131 1692 1192 1724 pro
1218 1683 1313 1717 nobis
1340 1682 1453 1718 filiuni.

839 1743 896 1776 27.
913 1743 997 1783 Ave,
1024 1745 1130 1776 mater
1157 1743 1248 1783 pacis
1276 1746 1310 1775 et
1333 1743 1472 1784 gratiae,

915 1792 1003 1833 Quae
1018 1800 1051 1823 es
1063 1800 1182 1832 expers
1193 1795 1297 1824 omnis
1308 1793 1485 1837 nequitiae,

914 1840 983 1873 Nos
1005 1840 1182 1873 molestant
1200 1841 1310 1874 cordis
1331 1842 1488 1875 tristitiae

914 1889 1019 1923 Nobis
1046 1888 1161 1923 confer
1190 1890 1308 1923 donum
1327 1890 1485 1924 laetitiaer

841 1948 898 1983 28.
914 1950 996 1989 Ave,
1026 1947 1128 1990 virgo,
1156 1957 1216 1990 per
1233 1958 1328 1991 quam
1348 1949 1488 1984 ecclesia

914 1996 1017 2032 Offert
1042 1997 1183 2031 Domino
1209 1997 1383 2042 sacrificia,

912 2047 1002 2088 Quae
1014 2047 1050 2080 in
1060 2049 1175 2080 nostra
1187 2051 1265 2081 sunt
1274 2049 1487 2093 conscientia,

909 2096 1002 2129 Mala
1025 2099 1081 2129 tua
1106 2099 1225 2139 purget
1251 2097 1434 2132 clementia.

841 2157 897 2190 29.
914 2157 996 2195 Ave,
1025 2163 1108 2195 quae
1134 2165 1154 2188 a
1170 2158 1321 2198 supernis
1341 2158 1487 2193 coetibus

913 2205 1082 2238 Exaltaris
1107 2206 1168 2239 sed
1194 2209 1228 2238 et
1253 2205 1417 2250 fidelibus,

914 2254 1056 2295 Nostris,
1077 2256 1181 2299 virgo,
1201 2254 1310 2290 faveto
1329 2258 1484 2300 precibus

913 2304 966 2337 Ac
991 2305 1100 2337 solare
1126 2314 1184 2338 nos
1212 2306 1243 2338 in
1271 2307 1457 2347 gemitibus,

841 2364 899 2398 30.
915 2366 998 2407 Ave,
1026 2364 1129 2407 virgo,
1160 2365 1250 2399 cuius
1276 2366 1445 2401 humilitas

913 2414 1096 2455 Reparavit
1112 2412 1179 2448 ’nos
1206 2425 1245 2448 ac
1272 2414 1468 2458 fecunditas,

914 2464 981 2498 Per
998 2466 1030 2497 te
1048 2467 1162 2498 nostra
1180 2468 1286 2498 cesset
1299 2465 1486 2508 infirmit-as,

912 2513 1096 2547 Relaxetur
1123 2517 1157 2546 et
1182 2516 1287 2550 omnis
1313 2516 1452 2552 vanitas.
