1650 2671
199 237 279 272 114.
308 237 390 280 Ave,
416 238 636 271 sanctuarium

355 286 617 328 Deprecationis,

305 335 374 375 Quo
402 337 499 369 datur
525 335 681 368 solacium

353 383 584 417 Exauditionis

304 432 418 466 Tentis
443 441 504 474 per
529 432 726 474 supplicium

356 480 502 514 Umbrae
526 481 668 522 regionis

304 530 425 563 Mortis
451 539 512 571 per
537 529 738 571 praesidium

353 579 590 612 Absolutionis.

197 658 278 691 115.
306 659 387 701 Ave,
416 658 572 701 prudens,
602 656 743 700 humilis,

357 706 472 740 Suavis
499 710 532 739 et
556 707 685 749 decora,

308 755 467 789 Hostibus
493 756 662 796 terribilis,

358 805 541 846 Splendens
567 807 604 837 ut
629 813 759 842 aurora,

308 852 472 886 Mundans
498 863 558 886 nos
582 853 720 894 piaculis

359 901 506 935 Gratiam
532 903 639 934 irrora

307 951 359 983 Ac
384 952 506 984 solutos
533 951 671 983 vinculis

355 998 421 1032 Fer
446 1000 488 1032 ad
516 1000 596 1032 caeli
623 998 706 1032 fora.

201 1077 283 1113 116.
310 1079 392 1120 Ave,
420 1087 514 1120 quam
543 1078 711 1119 plebecula

361 1126 617 1161 Christianitatis

309 1175 422 1208 Mente
445 1176 559 1208 laudat
586 1175 701 1207 sedula

359 1225 499 1257 Matrem
529 1224 686 1256 ver1tatis.

309 1273 435 1307 Cuncta
460 1271 553 1305 aufer
578 1272 733 1305 scandala

357 1322 454 1355 Meae
476 1322 660 1363 pravitatis,

309 1370 353 1404 Ut
379 1372 496 1412 iungar
521 1379 581 1411 per
607 1371 737 1402 r:aecula

358 1418 569 1454 Beatificatis.

205 1498 286 1531 117.
316 1498 398 1537 Ave,
424 1507 517 1529 mons
543 1497 717 1529 immobilis

358 1547 519 1587 Monsque
545 1546 717 1587 singularis

314 1595 374 1635 Qui
402 1595 503 1628 divini
529 1595 665 1636 spiculis

359 1642 444 1676 Solis
470 1644 622 1685 radiaris,

307 1692 359 1725 De
384 1697 416 1725 te
442 1693 531 1725 venit
555 1692 673 1725 nobilis

358 1741 458 1783 Lapis
485 1742 660 1783 angularis,

311 1790 410 1824 Unde
435 1801 456 1824 a
482 1791 676 1823 christicolis

357 1839 434 1872 Iure
459 1840 637 1873 veneraris.

200 1918 281 1952 118.
309 1918 392 1962 Ave,
419 1919 518 1959 plena
544 1919 660 1960 gratia,

358 1966 440 2009 Spes
468 1968 723 2010 desperatorum,

310 2015 499 2049 Sanctorum
527 2017 664 2057 laetitia,

358 2064 435 2098 Vita
459 2065 639 2109 beatorum,

308 2113 366 2146 Me
391 2114 431 2147 ab
457 2115 665 2148 immunditia

356 2161 471 2196 Facito
500 2164 650 2196 decorum

311 2210 442 2244 Ducens
469 2214 502 2244 in
530 2213 694 2245 consortia

361 2260 435 2295 Tibi
463 2262 663 2296 devotorum.

203 2340 285 2373 119.
312 2340 394 2382 Ave,
422 2348 504 2380 quae
530 2339 676 2380 angelica

360 2389 449 2424 Voce
473 2388 628 2421 salutaris

308 2437 418 2480 Atque
445 2437 634 2479 evangelica

358 2486 473 2521 Laude
498 2487 713 2530 praedicaris,

1008 236 1154 270 Mentem
1182 233 1340 269 suavifica

1055 286 1177 328 Meam,
1204 284 1301 317 stella
1327 281 1438 319 maris,

1008 336 1162 369 Fractam
1190 335 1222 368 vi
1247 331 1396 366 satanica

1055 382 1207 416 Fletibus
1229 381 1360 416 amaris,

901 461 982 494 120.
1009 460 1091 505 Ave,
1119 461 1198 494 Sion
1222 459 1293 493 filia

1059 507 1280 549 Genetrixque
1306 507 1379 551 Dei,

1009 557 1163 590 Petentes
1190 557 1313 589 auxilia

1060 606 1114 639 Ad
1139 614 1234 647 quam
1261 607 1395 637 currunt
1421 604 1481 646 rei,

1008 655 1105 687 Meae
1131 656 1206 695 post
1232 653 1362 685 excidia

1056 702 1236 737 Extremae
1263 702 1328 735 diei

1010 752 1095 785 Mihi
1122 753 1179 785 des
1206 751 1353 784 subsidia

1054 801 1247 835 Miserendo
1272 800 1348 832 mei.

902 881 982 914 121.
1010 881 1093 923 Ave,
1120 890 1186 922 pax
1214 879 1437 917 concordium,

1060 930 1141 968 Ave,
1169 928 1270 960 maris
1297 927 1404 970 stella,

1011 977 1109 1010 Cuius
1134 979 1208 1010 luce
1235 976 1403 1009 criminum

1058 1026 1200 1060 Sedatur
1227 1025 1382 1068 procella,

1009 1075 1073 1108 Pro
1100 1076 1196 1108 nobis
1224 1075 1265 1107 ad
1294 1074 1396 1107 filium

1059 1124 1209 1158 Clemens
1235 1123 1425 1164 interpella,

1008 1174 1206 1216 Temporum
1232 1172 1453 1214 praesentium

1058 1221 1200 1255 Auferat
1222 1225 1259 1254 ut
1285 1222 1381 1254 bella.

901 1301 981 1335 122.
1009 1301 1091 1343 Ave,
1119 1302 1225 1334 caelos
1253 1301 1405 1333 habitans

1059 1350 1084 1382 Ο
1115 1351 1227 1382 divina
1249 1352 1369 1390 turtur,

1011 1397 1109 1431 Cuius
1136 1399 1222 1431 odim
1251 1399 1422 1431 modulans

1059 1447 1176 1480 Mulsit
1202 1448 1365 1482 Christum
1391 1449 1514 1488 guttur,

1011 1495 1151 1536 Depelle
1176 1497 1349 1530 tabificans

1061 1545 1222 1579 Vitiorum
1249 1544 1369 1584 furfur,

1010 1594 1062 1627 Ne
1089 1594 1191 1628 feram
1220 1596 1441 1628 exterminans

1060 1644 1187 1677 Inimici
1213 1653 1369 1678 murmur.

901 1722 980 1755 123.
1010 1724 1091 1763 Ave,
1118 1723 1220 1755 nubes
1247 1724 1373 1764 gratiae

1061 1771 1183 1805 Pluviis
1212 1772 1395 1813 abundans²

1008 1819 1169 1853 Mundum
1196 1821 1284 1853 hunc
1309 1822 1457 1854 iustitiae

1056 1868 1232 1902 Fructibus
1260 1871 1482 1911 circumdans,

1017 1918 1096 1952 Esto
1124 1920 1306 1960 sapientiae

1059 1967 1164 2000 Stillis
1189 1978 1249 2001 nos
1275 1969 1451 2009 inundans,

1011 2016 1153 2049 Nostrae
1179 2019 1399 2051 conscientiae

1060 2065 1218 2107 Squalida
1243 2076 1443 2109 expugnans

902 2145 982 2177 124.
1006 2144 1088 2185 Ave,
1117 2146 1205 2178 sicca
1234 2147 1359 2188 virgula

1061 2194 1173 2227 Aaron
1198 2196 1329 2239 levitae,

1013 2242 1188 2277 proferens
1214 2247 1399 2291 amygdala,

1059 2292 1197 2334 Lignum
1224 2304 1352 2338 quoque
1377 2298 1477 2335 vitae,

1010 2339 1063 2373 Da
1089 2348 1206 2377 cuncta
1230 2345 1364 2386 piacula

1059 2390 1113 2424 Sic
1141 2393 1279 2427 vitemus
1305 2395 1380 2438 rite,

1010 2439 1060 2471 Ne
1085 2445 1161 2483 post
1186 2444 1300 2477 mundi
1326 2446 1461 2479 saecula

1061 2492 1262 2527 Audiamus:
1293 2493 1352 2525 lte.
