1650 2671
221 231 280 265 82.
307 231 390 273 Ave,
415 229 512 262 radix
541 231 727 271 germinans

353 278 457 312 Nobis
485 279 572 312 vitae
597 280 730 322 lignum,

304 329 477 362 Peccatum
505 330 726 362 exterminans

352 377 519 418 Omneque
543 379 733 420 malignum,

304 426 344 460 Id
370 435 431 467 per
458 435 587 460 carmen
616 429 746 469 elegans

350 475 396 509 Et,
422 477 542 509 amoris
569 477 695 519 signum

299 525 402 568 Rogo,
430 534 471 557 ne
497 526 542 558 sis
570 535 744 559 exsecrans

352 575 410 607 Me
437 575 522 608 sicut
547 575 772 618 praevignum.

220 653 279 686 83.
307 654 390 696 Ave,
416 662 512 685 arcus
538 652 691 697 foederis,

354 704 462 735 Arcus
488 703 628 746 acrinus,

305 751 405 791 Quem
433 760 573 793 regnans
598 752 633 784 in
660 751 788 791 superis

348 800 445 834 Fecit
470 809 528 832 rex
556 801 696 841 divinus,

300 848 358 881 Me
382 850 554 889 impugnat
578 848 716 882 Veneris

348 897 495 938 Impetus
522 897 667 940 equinus,

297 945 363 978 Pro
390 955 452 987 quo
479 945 543 978 tuis
568 946 694 979 meritis

346 995 454 1028 Detur
479 995 672 1028 turturinas.

215 1075 273 1107 84.
303 1077 384 1114 Ave,
409 1071 645 1106 fecundissima

330 1123 459 1161 ¹Arbor
485 1121 594 1155 ferens
620 1121 772 1164 fructum,

299 1171 399 1211 Quem
429 1171 547 1204 devota
572 1173 681 1204 anima

350 1222 487 1255 Sumens
513 1222 608 1261 ponit,
632 1222 754 1253 luctum

299 1270 423 1314 Reduc,
452 1279 470 1302 o
496 1270 653 1312 piissima⁷

347 1320 400 1352 Ab
427 1319 521 1351 hoste
545 1320 714 1352 seductum

297 1369 351 1401 Ad
378 1371 512 1401 aeterna
535 1369 655 1410 gaudia,

347 1417 432 1451 Mihi
460 1418 540 1450 dans
567 1419 772 1453 conductum.

211 1496 268 1530 85.
298 1497 382 1537 Ave,
410 1505 506 1538 quam
533 1497 706 1529 sinceriter

346 1546 523 1587 Menteque
549 1547 667 1587 supina

297 1595 446 1629 Veneror
470 1603 509 1627 ac
537 1595 687 1636 dulciter,

345 1644 371 1678 O
398 1644 496 1677 stella
520 1645 657 1688 marina,

292 1694 416 1727 Amore
442 1694 595 1727 celeriter

343 1743 414 1776 Deo
439 1752 491 1776 me
517 1743 678 1785 combine„

295 1793 435 1826 Laesum
462 1793 691 1835 multipliciter

344 1842 510 1875 Scelerum
538 1843 676 1876 sentina.

207 1922 263 1954 86.
292 1923 375 1962 Ave,
404 1920 650 1953 tabernaculum

342 1970 493 2003 Summae
519 1969 709 2014 maiestatis,

294 2018 475 2055 Conferens
502 2019 675 2053 latibulum

341 2069 450 2103 Corde
474 2069 653 2109 tribulatis,

290 2119 427 2161 Porrige
454 2119 506 2152 vel
531 2119 703 2161 granulum

337 2170 430 2204 Tuae
454 2168 599 2211 pietatis,

285 2219 344 2252 Me
368 2218 543 2253 absolvens
569 2217 727 2251 famulum

335 2269 442 2302 Tuum
468 2277 488 2301 a
512 2268 670 2310 peccatis.

200 2349 258 2383 87.
285 2349 368 2393 Ave,
397 2348 600 2382 honorabilis

333 2399 508 2433 Caelorum
533 2398 659 2441 regina,

287 2447 421 2481 Cunctis
450 2456 564 2481 carens
591 2447 729 2481 maculis

333 2497 386 2531 Ac
410 2497 540 2539 peccati
566 2498 672 2540 spina,

843 130 912 168 189
964 152 1008 157 —

923 457 979 491 88.

918 877 975 910 89.

916 1299 974 1332 90.

911 1722 968 1756 91.

908 2149 965 2182 92.

1007 232 1165 265 Auditum
1194 230 1389 263 christicolis

1057 281 1242 314 Clementer
1265 279 1398 320 inclina,

1007 330 1119 363 Tentis
1145 339 1206 370 pro
1233 328 1370 370 piaculis

1053 380 1092 412 In
1119 378 1230 420 Stygis
1256 377 1398 412 officina..

1008 458 1089 498 Ave,
1117 456 1220 489 herba
1247 457 1368 489 caelica

1051 506 1173 539 Mirum
1200 507 1387 540 odoramen.

1004 555 1106 596 Dans,
1134 563 1196 594 quo
1221 564 1311 587 mens
1336 553 1516 587 maestifica

1055 603 1161 637 Sumit
1185 604 1398 643 medicamen,

1004 653 1056 685 Da
1080 660 1140 693 per
1165 652 1230 684 ista
1255 652 1382 685 cantica

1051 700 1136 733 Mihi
1162 701 1383 739 sublevamen,

1004 749 1065 789 Qui
1091 758 1152 792 per
1176 749 1263 782 bella
1289 750 1416 782 hostica

1052 798 1165 831 Patior
1190 807 1374 839 gravamen.

1002 876 1084 918 Ave,
1111 874 1182 917 flos,
1210 885 1303 917 quem
1332 877 1437 917 cupio,

1051 926 1133 967 Ave,
1160 923 1220 957 flos
1246 930 1378 968 ermom,

1001 974 1079 1007 Flos
1106 978 1176 1006 sine
1203 975 1363 1017 contagiO,

1051 1024 1129 1057 Flos
1156 1023 1229 1055 miri
1258 1023 1379 1064 odoris,

1002 1073 1093 1114 Apta
1119 1081 1171 1104 me
1196 1073 1331 1105 servitio

1053 1122 1123 1155 Tuo
1148 1121 1272 1153 cunctis
1300 1121 1402 1164 horis,

1004 1171 1098 1204 Omni
1125 1180 1268 1211 purgans
1292 1170 1371 1204 vitio

1050 1221 1142 1254 Intus
1168 1224 1265 1261 atque
1291 1219 1383 1253 foris.

1002 1299 1083 1343 Ave,
1110 1297 1240 1330 firmum
1267 1298 1434 1344 oppidum,

1052 1348 1090 1381 In
1118 1356 1180 1388 quo
1206 1347 1370 1381 habitavit

1001 1396 1160 1441 Christus⁷
1189 1398 1319 1438 quando
1347 1397 1500 1430 callidum

1047 1446 1193 1479 Hostem.
1211 1447 1388 1490 superavit,

998 1494 1135 1528 Devotis
1162 1496 1363 1535 praesidium

1047 1544 1084 1577 In
1111 1546 1144 1576 te
1169 1545 1391 1585 praeparavit,

1000 1593 1078 1627 Cum
1106 1602 1264 1626 venenum
1291 1594 1443 1636 aspidum

1046 1643 1126 1676 Illos
1152 1643 1349 1678 molestavit.

995 1723 1078 1766 Ave,
1106 1722 1206 1754 arbor
1230 1723 1361 1764 nobiliS‚

1044 1771 1092 1805 Ut
1117 1772 1205 1804 oliva
1231 1771 1334 1816 ferax,

995 1822 1098 1863 Quam
1124 1820 1218 1854 Deus
1243 1820 1422 1855 laudabilis

1044 1871 1213 1905 Plantavit
1238 1873 1271 1903 et
1296 1879 1407 1913 verax,

996 1919 1062 1964 Da,
1090 1928 1132 1953 ne
1159 1919 1289 1955 Christo
1317 1920 1460 1956 credulis

1042 1969 1139 2004 Obsit
1162 1969 1266 2003 hostis
1291 1970 1405 2012 pellax

994 2019 1063 2052 Nec
1088 2019 1341 2053 interminabilis

1042 2068 1192 2103 Fla-mma
1217 2069 1327 2112 Stygis
1354 2070 1449 2105 edax.

992 2150 1074 2191 Ave,
1101 2149 1205 2191 virgo,
1233 2151 1325 2192 regia

1041 2198 1145 2239 Quam
1170 2203 1268 2233 ornat,
1293 2200 1396 2242 origo,

993 2248 1042 2281 Te
1066 2257 1231 2290 nunquam
1258 2250 1409 2291 contagia

1043 2297 1208 2340 Culpaeve
1235 2297 1337 2342 fuligo

991 2346 1193 2390 Foedarmt,
1221 2350 1360 2392 vestigia

1041 2398 1113 2432 Tua
1136 2396 1217 2431 fietu
1238 2399 1309 2441 rigo

991 2447 1038 2480 Et
1062 2451 1177 2489 petens
1204 2447 1359 2490 suffragia

1042 2497 1113 2531 Tua
1139 2506 1191 2530 me
1215 2496 1346 2539 adfligo.
