1650 2671
710 140 755 145 -—
809 120 877 155 1215
930 141 973 145 -

190 221 320 257 7.Ave‚
348 221 434 260 IeSU,
462 221 626 252 scrutator
652 219 812 257 cordium,

238 270 414 303 Exaltatus
437 269 473 301 in
498 271 609 301 terrae
633 269 766 310 tinibus,

240 320 271 351 A
296 327 349 351 me
374 316 468 350 aufer

341 366 502 400 vibratum
530 366 685 408 gladium,

238 416 290 449 Ne
300 416 496 449 condemner
508 423 578 447 cum
587 414 813 456 pereuntibus„

191 506 223 539 8.
239 505 321 548 Ave,
348 504 434 545 Iesu,
461 512 521 535 rex
547 502 762 543 admirabilis

242 553 401 586 Elevatus
427 551 681 594 magnificentia,

240 602 426 635 Minoratus

340 650 504 693 quondam
530 650 571 683 ab
599 651 734 692 angeliS,

240 700 339 733 Nunc
357 699 505 733 subiecta
522 702 598 732 sunt
614 699 676 732 tibi
693 698 811 732 omnia.

196 790 228 822 9.
243 789 325 828 Ave,
349 788 432 821 lucis
456 790 609 820 aeternae
635 788 768 820 claritas

244 838 355 878 Atque
382 837 482 869 decor
505 836 569 869 Dei
595 837 756 877 altissimi,

245 885 367 919 Contra
392 894 503 917 omnes
528 885 631 918 hostis
653 885 814 919 versutias

243 934 338 967 Dona
363 934 457 967 nobis
482 935 637 967 virtutem
661 934 771 968 animi.

173 1023 230 1056 10.
246 1024 327 1066 Ave,
355 1024 440 1063 Iesu,
466 1024 575 1054 rector
601 1024 767 1062 ecclesiae,

248 1071 348 1111 Quam
374 1071 522 1103 illustras
548 1074 605 1103 tua
629 1071 765 1113 institia,

241 1120 338 1153 Hanc
364 1128 510 1165 eupurga
538 1119 708 1152 haeresum
728 1119 816 1152 carie

243 1171 274 1201 A
298 1170 465 1209 praesenti
491 1177 617 1209 quoque
643 1168 788 1201 tristitia.

169 1257 322 1298 11.Ave,
349 1256 484 1290 verbum
511 1257 615 1297 patris
641 1256 787 1298 ingeniti,

244 1306 343 1339 Cuius
368 1308 486 1338 sonant
509 1309 545 1337 ut
572 1314 626 1338 aes
654 1305 792 1347 eloquia,

244 1355 282 1387 In
308 1355 429 1387 virtute
457 1354 558 1387 divini
586 1355 680 1396 digiti

243 1403 340 1436 Nunc
365 1403 520 1443 disperde
547 1403 660 1435 dolosa
684 1402 783 1436 labia.

173 1486 228 1521 12.
241 1487 324 1525 Ave,
352 1487 436 1525 Iesu,
464 1494 539 1526 spes
564 1488 597 1518 te
625 1486 814 1528 amantium,

244 1536 303 1570 Cui
331 1535 431 1568 corde
457 1535 573 1568 devoto
600 1536 780 1578 psallimus,

243 1585 356 1617 Visum
381 1593 487 1625 purga

317 1635 502 1666 nostrarum
531 1633 698 1676 mentium,

240 1682 420 1716 Inuimicus

317 1739 411 1772 quem
438 1730 552 1763 turbat
575 1731 746 1772 pessimus.

171 1815 227 1850 13.
242 1815 324 1856 Ave,
353 1816 439 1857 Iesu,
461 1823 522 1855 per
540 1824 634 1855 quem
648 1815 816 1848 hereditas

244 1863 451 1906 Sempiterna
480 1863 574 1896 nobis
600 1864 814 1904 promittitur,

244 1914 309 1946 Per
333 1917 367 1945 te
389 1915 503 1945 nostra
529 1913 603 1946 dira
629 1913 803 1954 captivitas

241 1962 453 2001 Absolvatur,

317 2020 380 2052 qua
404 2019 495 2043 mens
523 2011 730 2052 opprimitur.

172 2094 228 2127 14.
243 2094 328 2135 Ave,
361 2102 455 2135 quem
484 2097 613 2127 creator
640 2093 816 2128 altissimus

243 2143 308 2176 Est
326 2143 477 2185 dignatus
495 2143 538 2176 ad
556 2146 662 2176 terras
675 2144 815 2184 mittere,

243 2192 368 2225 Nostra
379 2194 466 2232 vota,
487 2201 570 2233 quae
582 2192 644 2224 tibi
658 2191 814 2230 vovimus,

244 2241 307 2284 Da,
334 2240 511 2274 reddamus
538 2241 666 2274 sincero
693 2249 801 2282 opere.

170 2325 227 2359 15.
241 2326 325 2365 Ave,
348 2325 434 2365 lesa,
453 2332 514 2364 per
532 2333 626 2365 quem
646 2333 817 2365 resurgere

242 2374 312 2407 Nos
335 2382 504 2415 speramus
529 2373 564 2405 in
590 2372 655 2406 fine
681 2373 815 2415 saeculi,

246 2424 385 2457 Praesta
408 2422 502 2455 nobis
527 2422 560 2455 in
581 2425 614 2455 te
637 2423 814 2466 quiescere,

248 2473 363 2506 Donec
389 2472 466 2504 dote
493 2471 634 2504 ditemur
659 2471 772 2506 nobili.

875 219 932 253 16.
947 219 1030 261 Ave,
1055 219 1143 252 salus
1167 218 1202 250 in
1228 221 1262 250 te
1286 216 1501 258 sperantium,

947 270 1089 308 Quorum
1113 276 1245 309 gressus

1019 316 1159 358 benigne
1183 315 1329 357 perficis,

946 365 1046 398 Nisus
1071 374 1184 407 preme
1209 365 1446 404 insidiantium,

945 414 1176 447 Machinantes
1202 424 1272 447 cum
1295 414 1362 447 suis
1379 412 1518 455 pedicis.

874 511 930 546 17.
945 513 1034 553 Ave,
1062 511 1198 545 verbum
1223 512 1328 553 patris
1356 510 1519 552 altissimi,

945 561 1012 593 Per
1029 560 1117 602 quod
1132 561 1209 593 huic
1226 561 1347 594 mundo
1364 559 1518 602 intonuit,

950 610 1050 643 Cuius
1076 618 1156 642 voce
1182 610 1248 642 oris
1276 608 1456 642 dulcissimi

949 659 1067 693 Cordis
1085 658 1190 691 nostri
1207 660 1297 691 terra
1316 656 1520 691 contremuit.

877 758 1032 799 18.Ave,
1059 757 1147 797 Iesu,
1174 757 1310 798 virginis
1337 757 1480 789 thalamo

956 807 1017 847 Qui
1042 806 1225 847 procedens

1023 855 1187 888 succurris
1214 855 1364 899 perditis,

949 904 1085 937 Servum
1112 906 1202 935 tuum
1230 904 1333 936 hostis
1353 903 1520 937 tendiculo

948 953 1086 993 Captum
1114 953 1240 985 cunctis

1027 1002 1161 1035 absolve
1189 1002 1318 1037 debitis,

878 1102 934 1133 19.
950 1101 1033 1137 Ave,
1062 1101 1165 1138 IesuS,
1192 1100 1308 1132 salutis
1335 1100 1452 1140 hostia,

947 1148 1011 1180 Per
1037 1157 1132 1189 quam
1159 1148 1194 1179 in

1020 1198 1082 1230 hac
1107 1197 1176 1229 vita
1201 1196 1379 1241 reficimur,

951 1247 1056 1280 Dolor
1072 1246 1194 1287 premit
1219 1255 1278 1278 nos
1305 1250 1337 1278 et
1363 1246 1525 1288 angustia,

951 1297 987 1329 In
1002 1299 1035 1328 te
1048 1300 1157 1328 tamen
1172 1304 1302 1335 semper
1316 1295 1523 1329 laetabimur,
1551 1296 1554 1299 '

879 1395 935 1427 20.
951 1394 1033 1433 Ave,
1060 1394 1148 1434 Iesu,
1176 1402 1236 1426 rex
1262 1393 1503 1435 benignissime,

953 1442 1051 1475 Cuius
1075 1451 1209 1483 regnum

1027 1492 1123 1524 durat
1149 1491 1183 1523 in
1209 1492 1387 1536 saeculum,

947 1540 1114 1573 Iudicabis
1151 1541 1281 1581 quando
1307 1541 1525 1580 strictissime,

948 1589 1052 1621 Nobis
1078 1592 1207 1629 praesta

1022 1642 1100 1670 tunc
1127 1638 1372 1672 adminiculum.

876 1736 933 1769 21.
948 1738 1032 1778 Ave,
1060 1737 1137 1770 Iesu
1162 1746 1260 1778 passe
1285 1737 1451 1771 hostiliter

949 1785 1013 1818 Pro
1041 1786 1187 1827 peccatis
1213 1786 1346 1819 humani
1373 1787 1513 1831 generis,

948 1833 995 1866 Es
1022 1844 1042 1866 a
1060 1837 1165 1867 matre
1183 1835 1336 1875 planctus
1354 1835 1521 1875 flebiliter,

952 1886 1040 1922 Quae
1066 1892 1153 1916 nunc
1178 1888 1287 1917 tecum

1021 1936 1136 1974 regnat
1160 1933 1193 1965 in
1220 1935 1359 1974 superis.

877 2031 935 2063 22.
950 2031 1032 2069 Ave,
1060 2031 1145 2070 Iesu,
1172 2035 1287 2064 nostra
1311 2032 1461 2074 retectiO,

949 2080 1035 2120 Quos
1060 2080 1172 2112 lavisti
1198 2090 1291 2114 sacro
1311 2082 1520 2126 baptismate,

952 2128 1098 2161 Umbrae
1128 2130 1243 2162 mortis

1025 2178 1087 2210 duc
1112 2187 1171 2210 nos
1199 2179 1240 2211 de
1266 2181 1374 2214 medio

950 2227 1048 2267 Legis
1066 2230 1143 2259 tuae
1160 2232 1332 2262 conectens
1355 2232 1501 2265 semitae.

878 2325 933 2358 23.
949 2325 1032 2364 Ave,
1059 2326 1212 2368 princeps
1241 2329 1323 2361 caeli
1349 2331 1525 2376 exercitus,

949 2374 1024 2407 Tibi
1051 2384 1178 2416 quoque
1204 2386 1281 2410 vere
1308 2380 1525 2424 credentium,

952 2423 1069 2457 Gordis
1088 2424 1130 2457 ad
1148 2429 1182 2457 te
1200 2428 1370 2468 suspirant
1391 2431 1530 2472 gemitus

951 2472 1155 2515 Flagitantes
1183 2476 1282 2509 vitam
1309 2479 1497 2517 insontium.
