1650 2671
709 121 966 158 ’149-

657 220 974 262 Quinquagena
999 221 1026 256 1.

190 280 320 323 1.Ave‚
348 281 451 324 virgo,
479 282 579 315 arbor
605 281 789 325 fructifera,

237 329 395 363 Fructum
410 340 468 364 suo
485 329 595 365 ferens
609 332 643 365 in
653 339 811 375 tempore,

236 378 289 412 De
315 380 465 413 eiusdem
491 389 548 413 esu
573 390 626 414 me
651 392 771 423 repara

238 428 454 462 Peccatorum
479 428 647 464 foedatum
664 432 810 473 pulvere.

188 495 220 526 2.
236 493 319 537 Ave,
352 502 435 534 quae
462 503 502 527 ex
528 495 616 528 tribu
642 495 779 528 Iudaica

236 541 285 575 Es
312 543 418 575 electa
441 544 477 576 in
502 546 641 577 matrem
667 544 812 587 Domini,

238 591 330 625 Labe
346 592 456 634 prisca
470 602 521 625 me
535 594 665 626 solvens
681 593 813 636 adplica

237 640 416 682 Dignitatis
442 645 518 674 tuae
544 642 721 677 servimini.

188 706 220 739 3.
235 704 318 745 Ave,
359 705 461 749 virgo,
489 715 572 747 quae
598 715 632 738 es
659 705 813 739 continua

237 753 466 788 Succurrendo
481 755 523 786 ad
538 758 571 787 te
584 753 808 792 clamantibus,

237 802 419 836 Removere
447 804 590 844 digneris
616 812 730 845 nocua,

234 850 808 891 Quibuspremorabadversantibus.

187 918 221 948 4.
236 914 320 957 Ave,
344 914 448 956 virgo,
476 914 633 955 splendor
650 914 807 955 laetitiae,

237 963 347 997 Corda
372 964 504 1004 replens
531 973 673 1005 superna
690 965 806 1008 gratia,

235 1012 376 1046 Cunctas
389 1011 482 1045 aufer
494 1021 607 1046 causas
613 1013 806 1054 maestitiae,

234 1061 416 1094 Tribulatis
440 1062 603 1103 praebens
629 1062 760 1094 solacia.

188 1127 220 1159 5.
235 1126 318 1169 Ave,
346 1135 420 1167 qua,
448 1127 658 1158 revertuntur
675 1126 810 1166 praevia

236 1175 291 1207 Ad
319 1183 456 1208 coronas
484 1175 579 1207 electi
604 1174 765 1219 perditas,

237 1223 453 1257 Oberrantem
474 1232 525 1256 me
540 1232 627 1256 nunc
640 1233 700 1265 per
715 1225 809 1258 devia

231 1273 288 1306 Ad
316 1273 470 1306 virtutum
498 1274 637 1306 reducas
664 1273 807 1309 semitas

192 1338 223 1371 6.
238 1337 320 1377 Ave,
348 1346 423 1377 spes
451 1341 483 1370 et
508 1337 596 1369 salus
624 1336 791 1378 debilium,

242 1387 311 1419 Hos
323 1386 494 1419 consolans
505 1386 808 1429 donislargissimis,

237 1436 326 1468 Audi
359 1444 486 1477 quoque
512 1444 627 1475 preces
653 1433 808 1468 flebilium

235 1485 284 1517 Te
294 1487 485 1525 precantum
497 1493 568 1516 cum
578 1484 641 1525 piis
651 1484 807 1518 lacrimis.

189 1548 320 1590 7.Ave,
347 1549 451 1590 virgo,

304 1607 365 1639 per
392 1608 488 1640 quam
517 1598 726 1631 credentibus

235 1647 397 1681 Reserata
423 1651 472 1680 est
499 1648 570 1688 spei
596 1648 704 1689 ianua,

237 1697 317 1729 Tuis
340 1706 393 1730 me
418 1698 578 1730 interesse
603 1697 757 1730 laudibus

236 1745 539 1787 Circumspectione
566 1746 620 1780 fac
646 1755 798 1790 congrua,

187 1811 220 1844 8.
235 1810 317 1847 Ave,
345 1821 364 1844 0
392 1811 596 1844 dominarum
624 1810 765 1852 domina,

234 1860 430 1893 Admiratur
458 1869 553 1901 quam
579 1859 788 1904 universitas,

235 1908 304 1942 Nos
336 1912 544 1942 transnantes

309 1967 371 1999 per
396 1958 510 1992 mundi
537 1957 673 1991 fiumina

237 2008 291 2042 Ad
318 2007 466 2049 polorum
497 2007 604 2050 dirige
630 2009 773 2042 semitas,

186 2075 219 2108 9.
236 2074 318 2117 Ave,
353 2071 456 2114 virgo,
485 2072 631 2107 adiutrix
658 2074 811 2115 omnium,

235 2122 283 2171 Te
294 2126 506 2164 quaerentum
518 2122 809 2168 mentisinstantia,

235 2172 391 2205 Nostrum
417 2172 558 2214 impleas
585 2173 786 2206 desiderium

234 2221 328 2256 Dans
355 2231 497 2255 amorem
528 2231 600 2255 cum
625 2222 798 2263 patientia.

160 2287 215 2321 10.
231 2285 315 2327 Ave,
344 2286 513 2320 beatorum
540 2286 679 2329 laetitia,

236 2335 360 2370 Cuncta
387 2334 543 2379 frangens

305 2384 462 2428 figmenta
486 2387 669 2428 haeresum,

235 2434 457 2469 Accedentem
484 2440 517 2468 te
544 2445 615 2470 cum
642 2435 764 2471 fiducia

234 2484 348 2527 Serva,
364 2494 406 2518 ne
417 2489 585 2528 mergatur
594 2487 626 2520 in
640 2491 809 2521 tartarum.

872 284 929 318 11.
944 285 1027 327 Ave,
1055 285 1158 325 virgo,
1185 282 1276 316 cuius
1302 281 1457 315 nobilitas

947 334 1144 367 Declaratur
1171 332 1272 374 regali
1300 332 1475 370 schemate,

947 383 1010 416 Per
1036 387 1067 414 te
1093 381 1186 415 nobis
1213 382 1358 414 lucescat
1382 380 1504 413 veritas

946 431 1189 472 seripturarum
1198 433 1350 463 contenta
1358 429 1451 470 dogm
1456 433 1518 462 ate.

874 495 929 530 12.
944 497 1026 538 Ave,
1055 497 1170 532 mater,
1199 494 1314 527 salutis
1343 493 1496 535 gentium,

946 545 1018 585 Qua
1042 552 1213 584 speramus
1239 542 1510 582 misericordiam,

947 595 984 627 In
1011 601 1114 634 agone
1139 592 1220 624 mihi
1247 591 1404 624 solacium

945 640 1514 684 Praesta,neinmorteobdormiam.

873 705 928 739 13.
943 705 1025 743 Ave,
1060 704 1162 744 virgo,
1190 705 1302 736 natum
1329 704 1515 744 parturiens

943 752 1183 793 Rubicundum‚

1016 801 1188 841 pulchrum
1217 803 1248 834 et
1275 800 1461 844 candidum,

943 849 1141 891 Profugetur
1166 859 1227 891 per
1253 856 1286 882 te
1311 849 1469 890 insipiens

944 899 1055 940 Caupo
1067 900 1156 931 virus
1162 898 1343 940 propinans
1349 899 1513 939 aspidum.

870 964 926 997 14.
943 965 1024 1007 Ave,
1049 963 1196 1004 paradisi
1221 963 1418 1008 iucunditas,

943 1013 1020 1046 Cum
1048 1022 1110 1053 qua
1135 1012 1239 1045 iustus

1017 1062 1153 1103 quisque
1178 1061 1351 1104 tripudiat,

942 1111 1010 1144 Nos
1034 1113 1226 1151 praeservet
1241 1114 1298 1144 tua
1316 1111 1511 1153 benignitas

941 1160 1055 1193 Hostis
1083 1160 1192 1201 pellax
1216 1168 1257 1192 ne
1276 1169 1333 1192 nos
1353 1159 1509 1202 decipiat.

871 1225 926 1258 15.
944 1225 1027 1267 Ave,
1056 1224 1146 1266 virgo
1173 1228 1264 1257 stans
1289 1224 1456 1258 Aaromco

943 1274 1042 1306 Flore
1069 1276 1207 1317 compta,

1016 1323 1075 1356 sed
1101 1331 1162 1364 per
1186 1323 1389 1364 mysterium,

943 1372 1012 1405 Nos
1039 1372 1157 1414 ligatos
1184 1371 1262 1404 fune
1290 1372 1479 1408 daemonico

943 1423 1048 1455 Tuum
1084 1421 1178 1454 solve
1201 1431 1261 1463 per
1287 1422 1516 1458 ministerium.

872 1486 927 1520 16.
942 1487 1026 1526 Ave,
1054 1486 1147 1529 virga
1173 1486 1264 1518 Iesse
1289 1485 1488 1531 christifera,

945 1535 1148 1570 obumbrata
1174 1539 1307 1568 aeterno
1334 1536 1477 1580 numine,

945 1583 1021 1618 Tibi
1045 1593 1174 1617 carmen
1194 1584 1256 1618 hoc
1273 1583 1397 1618 fantem
1415 1586 1521 1620 libera

944 1634 997 1667 Ab
1025 1634 1150 1667 aeterni
1175 1634 1261 1676 ignis
1287 1635 1435 1669 uredine.

873 1699 1028 1741 17.Ave‚
1056 1699 1157 1740 virgo,
1186 1699 1269 1732 caeli
1296 1700 1432 1733 delicias

944 1748 1099 1782 Meruisti
1126 1758 1208 1789 quae
1234 1757 1294 1790 per
1312 1750 1517 1794 munditiam,

945 1799 1056 1838 Purga
1079 1798 1198 1831 mentis
1223 1807 1316 1831 meae
1331 1800 1520 1843 spurcitias,

945 1847 993 1881 Ut
1018 1849 1051 1879 te
1076 1856 1160 1888 puro
1186 1856 1297 1881 amore
1324 1848 1469 1890 diligam.

877 1911 934 1946 18.
949 1914 1034 1952 Ave,
1060 1914 1166 1945 mater
1191 1912 1332 1954 gigantis
1359 1915 1495 1956 strenui,

946 1961 1160 1996 Procedentis
1186 1971 1205 1994 a
1231 1965 1286 1994 tuo
1312 1965 1417 2004 utero,

944 2012 1003 2044 Me
1030 2015 1148 2053 coapta
1173 2011 1242 2044 eius
1269 2012 1429 2054 occursui,

949 2061 1027 2096 Cum
1055 2070 1074 2093 a
1101 2070 1200 2093 carne
1226 2061 1362 2095 eductus
1391 2061 1495 2099 fuero.

876 2125 1030 2166 19.Ave‚
1058 2126 1159 2170 virgo,
1187 2126 1331 2159 innitens
1358 2128 1480 2161 nomini

946 2174 1010 2208 Dei
1034 2179 1138 2208 nostri
1165 2175 1271 2216 patris
1296 2176 1457 2220 litamine,

947 2225 1195 2266 Congaudentes
1222 2225 1419 2260 beatitudini

945 2275 1036 2307 Tuae
1062 2277 1118 2308 tuo
1143 2277 1215 2308 tuta
1241 2277 1411 2310 tutamine.

875 2339 931 2373 20.
949 2342 1030 2378 Ave,
1057 2343 1164 2373 mater
1188 2340 1311 2374 Christi
1335 2340 1520 2381 magnifica,

945 2389 1525 2432 Quamhonorantconcentuscaelici,

945 2439 1045 2472 Vultu
1074 2442 1129 2472 tuo
1155 2442 1233 2472 tunc
1259 2449 1311 2472 me
1334 2439 1489 2475 laetifica.

949 2488 1519 2522 Praesentaborcumsummoiudiri.
