1650 2671
706 106 949 141 ——(50-—

165 203 222 237 45.
249 204 333 242 Ave,
361 201 434 236 fons
463 200 617 236 dulciflue

300 251 405 285 Mella
431 252 511 284 dans
537 251 705 293 virtutum,

254 300 420 334 Mundans
447 302 555 333 carnis
584 299 710 334 defluae

273 372 279 375 -
300 350 463 383 Faecibus
489 350 658 392 imbutum,

256 399 404 433 Certanti
430 399 561 432 assidue

299 449 437 482 Praesta
459 448 541 480 mihi
564 451 703 492 scutum,

253 497 432 530 Transeam
457 497 596 530 innocue

298 546 346 581 Ut
371 546 496 579 hostem
523 549 699 581 versutum.

164 606 220 639 46.
246 605 329 642 Ave,
361 605 459 637 decus
485 605 596 639 nobile

301 654 447 688 Omnium
476 654 696 695 pulchrorum,

248 703 397 744 Abigens
425 703 588 744 culpabile

298 752 396 785 Virus
422 752 586 790 vitiorum,

252 801 277 834 O
303 801 533 834 indefectibile

299 850 398 883 Sidus
424 859 648 891 supernorum,

250 898 323 931 Duc
349 900 381 931 in
408 898 569 932 infinibile

302 947 369 980 Nos
395 957 528 990 regnum
557 948 731 981 caelorum.

169 1008 227 1040 47.
253 1006 337 1044 Ave,
365 1015 423 1039 rex
451 1006 576 1046 deifice,

300 1055 361 1096 Qui
387 1064 420 1087 es
447 1055 655 1089 honorandus

253 1104 397 1143 Cunctis,
425 1104 483 1136 sed
510 1103 663 1144 specifice

296 1153 328 1185 A
353 1161 405 1184 me
429 1153 682 1195 pratamandus‚

254 1202 354 1233 Assis
388 1210 463 1234 nam
490 1201 664 1234 barbarice

298 1250 404 1282 Vexat
429 1259 481 1282 me
505 1249 667 1283 nefandus

252 1298 377 1342 Hostis,
407 1299 514 1332 carnis
539 1299 686 1332 lubricae

294 1348 406 1380 Motus
433 1349 664 1383 exsecrandus,

872 204 929 237 48.

871 605 929 640 49.

871 1007 927 1041 50.

959 203 1041 245 Ave,
1070 202 1142 236 fons
1168 202 1326 236 scientiae

1009 251 1117 285 Corda
1141 252 1285 285 lustrans
1314 252 1406 293 dura,

958 300 1019 342 Qui
1044 303 1140 335 erant
1163 300 1314 334 inscitiae

1006 350 1094 383 Vitio
1122 358 1248 393 casura,

957 399 1100 432 Nostrae
1123 399 1330 440 ignorantiae

1006 447 1104 481 Solve
1129 458 1189 482 nos
1218 450 1356 488 captura

958 496 1049 529 Tuae
1074 497 1257 538 sapientiae

1004 545 1168 579 Reserans
1194 546 1343 578 obscura.

955 605 1038 644 Ave,
1065 604 1236 638 indicibile

1004 653 1148 686 Verbum
1175 652 1292 685 summi
1317 652 1433 693 patris,

955 702 1083 744 Dogma
1109 700 1286 735 infallibile

1005 750 1136 784 Docens
1162 750 1323 791 veritatis,

956 800 1022 834 Cor
1048 809 1155 833 meum
1179 798 1328 833 flexibile

1004 849 1083 883 Tuis
1110 848 1163 882 fac
1187 848 1353 882 mandatis

953 899 1000 932 Et
1024 898 1279 941 inexpugnabile

1005 947 1141 988 Linguis
1168 945 1335 980 falsitatis.

955 1009 1037 1047 Ave,
1067 1009 1118 1039 cui
1145 1006 1325 1038 carminum

1005 1054 1112 1089 Offero
1138 1054 1291 1098 libamen,

955 1105 1005 1138 Te
1031 1112 1103 1136 cum
1128 1107 1225 1144 patre
1248 1104 1405 1136 luminum

1005 1153 1161 1186 Laudans
1183 1155 1283 1193 atque
1308 1151 1438 1196 flamen,

954 1201 1047 1242 Dele,
1075 1209 1207 1243 quaeso,
1231 1201 1401 1234 eriminum

1001 1249 1151 1284 Meorum
1179 1253 1338 1292 atramen‚

957 1299 1000 1333 Ut
1025 1303 1102 1339 post
1125 1299 1214 1332 vitae
1239 1300 1414 1333 terminum

1002 1348 1079 1381 Tibi
1100 1348 1229 1388 iungar.
1281 1349 1398 1382 Amen.

643 1437 947 1479 Quinquagena
972 1437 1017 1470 Π.

168 1505 224 1538 51.
251 1505 335 1544 Ave,
365 1505 456 1537 cuius
482 1505 588 1546 gloria

297 1553 413 1587 Laude
439 1556 472 1586 et
496 1554 620 1587 honore

250 1603 359 1644 Pango
385 1602 572 1636 laudatoria

297 1653 472 1685 Poetarum
497 1661 597 1691 more,

248 1701 326 1734 Mea
350 1701 382 1733 in
410 1702 569 1734 memoria

297 1751 380 1783 Esto
408 1760 477 1783 cum
506 1751 640 1783 dulcore

249 1800 380 1832 Pellens
408 1799 573 1833 decoloria

295 1848 381 1881 Mali
407 1858 480 1882 cum
506 1851 649 1884 auctore.

162 1909 218 1941 52.
245 1907 329 1950 Ave,
357 1908 512 1948 princeps
538 1908 683 1941 retinens

298 1957 354 1989 Ius
378 1957 552 1998 imperiale

248 2005 368 2038 Mundi
390 2015 429 2038 ac
456 2006 615 2048 diripiens

298 2055 414 2095 Iugum
438 2053 613 2091 infernale,

252 2102 315 2135 Cor
339 2112 446 2136 meum
475 2103 640 2144 desipiens

298 2151 374 2184 Tibi
398 2153 570 2193 penetrale

247 2200 327 2244 Fac,
354 2201 433 2234 inde
458 2201 604 2234 abiciens

298 2250 432 2283 Pondus
460 2251 638 2283 criminale.

166 2314 223 2347 53.
250 2311 334 2353 Ave,
364 2311 454 2343 cuius
478 2310 611 2342 nomine

298 2359 388 2392 Iuste
413 2358 593 2400 gloriamur

253 2410 421 2451 Quemque
444 2408 576 2441 laudum
606 2407 751 2442 carmine

302 2458 410 2499 Digne
435 2465 642 2501 veneramur,

870 1714 926 1747 54.

872 2117 927 2149 55.

956 1506 1027 1538 Tuo
1055 1505 1114 1538 sub
1141 1505 1357 1546 umbramine,

1004 1556 1091 1596 Iesu,
1117 1558 1339 1598 protegamur,

953 1604 1107 1637 Hostium
1132 1614 1153 1637 a
1176 1603 1309 1637 turbine

1002 1653 1085 1693 Quia
1114 1653 1322 1686 tribulamur.

954 1713 1027 1745 Ave
1052 1711 1218 1752 infinifies,

1002 1762 1087 1799 Iesu,
1115 1762 1170 1794 lux
1197 1761 1318 1801 divina,

953 1810 1114 1843 Lustrans
1138 1812 1175 1842 ut
1200 1809 1354 1842 meridies

1005 1859 1113 1893 Corda
1140 1858 1335 1902 columbina,

954 1910 1019 1942 Per
1043 1911 1077 1940 te
1102 1916 1201 1941 saeva
1226 1907 1334 1941 rabies

1005 1958 1121 1992 Cesset
1144 1957 1275 1990 leonina

954 2006 1101 2047 Eiusque
1126 2006 1299 2048 satellites,

1005 2057 1111 2089 Fraus
1138 2064 1267 2096 quoque
1294 2055 1440 2096 vulpina.

955 2114 1038 2158 Ave,
1066 2114 1152 2154 Iesu,
1180 2113 1333 2154 gaudium

1004 2163 1115 2196 Meum
1142 2162 1319 2203 singulare,

958 2212 1059 2252 Quem
1085 2220 1146 2252 per
1172 2211 1234 2243 hoc
1259 2211 1453 2252 psalterium

1007 2261 1115 2294 Conor
1141 2259 1341 2300 collaudare,

957 2311 1095 2343 Praesta
1120 2318 1182 2350 per
1206 2308 1396 2351 suffragium

1004 2358 1124 2392 Matris
1150 2360 1226 2391 tuae
1253 2368 1360 2401 carae,

958 2407 1106 2441 Fortiter
1131 2416 1184 2441 me
1209 2408 1353 2441 hostium

1012 2460 1138 2492 Ausum
1166 2457 1343 2494 debellare.
