1650 2671
149 195 206 228 75.

150 621 206 654 76.

149 1043 205 1078 77.

148 1464 203 1498 78.

147 1887 202 1921 79.

148 2312 205 2345 80.

695 116 741 120 --
791 94 838 131 46
892 118 936 123 —-

235 194 260 228 O
286 194 428 236 primum
455 195 654 237 principium

282 245 455 285 Temporis
481 248 514 276 et
539 245 621 289 aevi,

235 293 329 333 Quod
356 303 416 335 per
441 295 504 327 hoc
528 294 698 327 servitium

285 343 400 377 Colere
428 344 568 384 decrevi,

233 393 273 426 In
298 402 360 434 quo
383 402 444 433 per
469 393 625 426 solacium

281 442 395 475 Mente
420 442 566 484 requievi

232 491 278 524 Et
303 491 405 523 hostis
433 492 624 533 obsequium

280 540 456 574 Declinavi
481 541 581 574 saevi.

233 620 303 654 Ens
333 619 555 653 desiderabile

283 669 386 704 Cordi
413 673 444 702 te
471 669 640 710 quaerenti

231 719 277 752 Et,
301 718 542 759 superamabile

281 769 464 801 Amorosae
489 768 602 810 menti,

233 817 373 850 Multum
401 816 596 850 admirabile

282 867 330 900 Te
355 866 554 907 inspicienti,

233 915 537 957 Superdelectabile

280 966 319 998 In
347 966 380 996 te
406 965 594 1006 quiescenti.

234 1044 337 1077 Sacra
361 1043 547 1083 ignorantia

281 1091 479 1132 Sempiterni
504 1091 578 1134 Dei,

232 1141 321 1174 Vere
346 1149 381 1173 es
406 1141 576 1181 prasentia

282 1190 475 1223 Intellectus
499 1190 573 1230 mei,

234 1240 335 1279 Quem
361 1247 425 1271 non
451 1239 651 1272 abundantia

280 1288 507 1329 Cuiuscunque
529 1288 579 1320 rei

234 1338 349 1377 Satiat‚
377 1337 435 1369 sed
462 1337 568 1379 gratia

282 1387 372 1419 Tuae
398 1384 504 1418 faciei.

228 1464 328 1507 Deus,
357 1463 564 1497 existentium

282 1513 428 1547 Omnium
458 1513 558 1554 origo,

230 1562 291 1606 En,
324 1570 375 1595 me
399 1563 503 1595 multa
527 1562 683 1594 scelerum

280 1611 436 1653 Inquinat
458 1611 559 1654 uligo,

233 1660 329 1694 Unde
354 1661 589 1701 paenitentium

280 1710 376 1743 More
400 1719 452 1742 me
478 1707 597 1750 adfiigo

231 1759 402 1800 Tuumque
425 1758 599 1799 vestigium

281 1809 381 1842 Fletu
404 1808 522 1841 mentis
548 1808 628 1849 rigo.

229 1887 254 1920 O
280 1887 366 1928 Iesu,
391 1896 449 1920 rex
475 1887 609 1929 gloriae,

281 1936 421 1969 Domine
446 1937 616 1980 virtutum.

230 1985 378 2028 Purgans
405 1986 560 2018 mundum
587 1985 678 2019 varie

279 2034 428 2067 Peccatis
456 2035 626 2077 pollutum,

231 2083 325 2116 Dono
351 2092 403 2115 me
428 2084 585 2116 scientiae

280 2132 395 2165 Facito
422 2133 593 2175 imbutum,

230 2181 289 2215 Uti
314 2182 432 2214 mentis
458 2181 529 2215 acie

279 2230 451 2264 Declinem
476 2234 653 2264 versutum.

233 2310 259 2343 O
284 2310 389 2343 Deum
416 2308 610 2352 mirabilem,

278 2359 384 2392 Deum
407 2359 640 2400 venerandum,

231 2408 370 2442 Dantem
399 2417 433 2441 se
463 2407 609 2441 esibilem

281 2458 357 2492 Sive
382 2458 656 2499 manducandum,

854 423 911 458 81.

854 847 911 880 82.

851 1268 906 1301 83.

852 1691 908 1725 84.

851 2116 908 2150 85.

939 197 1084 232 Mentem
1111 208 1216 232 meam
1242 198 1393 242 fragilem

988 248 1102 281 Flecto
1129 249 1171 282 ad
1197 249 1397 283 laudandum

938 296 1045 339 Hunc,
1073 298 1127 340 qui
1153 307 1190 331 se
1214 302 1280 332 tam
1307 298 1438 333 facilem

990 345 1141 380 Praestat,
1163 348 1206 381 ad
1232 349 1417 382 amandum.

939 423 1052 457 Virtus
1077 423 1267 459 inflexibilis

986 473 1152 516 Quaquam
1177 478 1341 516 potestate

936 522 967 554 A
993 526 1026 555 te
1050 523 1270 565 ingressibilis

987 570 1084 605 Stans
1110 574 1314 615 aeternitate,

937 619 1059 654 Tamen
1085 621 1281 664 attingibilis

985 670 1213 714 Amabilitate,

938 717 1003 752 Sed
1031 723 1064 752 et
1088 721 1195 762 legum
1221 721 1344 762 regulis

983 769 1035 802 Ac
1060 769 1256 803 humilitate.

940 845 1065 879 Bonum
1091 847 1264 880 indicibile

985 895 1120 939 Linguis
1148 900 1181 929 et
1205 897 1371 942 scribenti,

935 944 1058 978 Tamen
1088 945 1249 987 diligibile

985 993 1118 1027 Summe
1140 995 1216 1035 piae
1240 996 1353 1037 menti,

935 1043 1020 1076 Mihi
1046 1044 1228 1086 appetibile

984 1092 1114 1125 Affectu
1139 1092 1279 1127 ferventi

936 1139 1137 1183 Semperque
1162 1141 1331 1175 laudabile

986 1190 1073 1224 Cura
1098 1190 1257 1232 diligenti.

935 1268 1091 1301 Maiestas
1118 1269 1269 1309 plenaria

986 1316 1136 1350 Summae
1163 1318 1330 1359 bonitatis,

933 1365 1122 1399 Electorum
1149 1367 1254 1408 gloria

982 1414 1021 1447 In
1046 1415 1312 1458 praedestinatis,

933 1462 1057 1497 Fantes
1081 1464 1268 1497 laudatoria

981 1513 1020 1545 111
1046 1514 1096 1546 his
1121 1514 1322 1554 praedicatis

934 1562 1099 1596 Perducas
1126 1563 1169 1595 ad
1195 1563 1315 1605 gaudia

984 1612 1076 1645 Caeli
1101 1620 1172 1644 eum
1198 1612 1314 1647 beatis,

936 1690 1020 1734 Iesu,
1049 1691 1257 1724 existentium

982 1740 1089 1773 Causa
1114 1742 1150 1772 tu
1172 1739 1332 1780 formalis,

934 1789 972 1822 ln
999 1789 1145 1822 obscuris
1172 1790 1328 1824 stantium

983 1838 1057 1871 Lux
1082 1839 1310 1883 interminans,

933 1887 1034 1927 Quem
1059 1887 1195 1921 fovebat
1219 1889 1377 1931 gremium

982 1937 1101 1970 Matris
1128 1938 1308 1980 virginalis,

935 1985 1033 2020 Cuius
1059 1987 1277 2028 patrocinium

984 2035 1098 2069 Solvat
1121 2045 1180 2069 nos
1207 2047 1227 2069 a
1251 2037 1358 2070 malis.

937 2114 962 2149 Ο
989 2115 1087 2148 beata
1111 2115 1253 2157 trinitas,

985 2165 1115 2198 Veritas
1142 2166 1175 2196 et
1200 2165 1280 2206 vita,

935 2213 1034 2247 Cuius
1059 2212 1245 2247 amabilitas

982 2262 1104 2296 Exstat
1127 2261 1266 2304 infinita,

933 2311 1011 2346 Mea
1037 2312 1226 2345 animositas

985 2361 1100 2403 Gulpis
1126 2362 1257 2396 irretita

935 2411 1084 2445 Ducatur
1110 2412 1153 2444 ad
1180 2412 1311 2444 semitas

986 2461 1073 2503 Lego
1100 2461 1269 2502 bipartita.
