1650 2671
179 179 257 213 130.

175 601 254 636 131.

177 1026 259 1060 132.

182 1448 261 1481 133.

177 1873 255 1907 134.

173 2302 253 2335 1:35.

720 100 765 107 -ρ

286 178 358 212 Rex
385 186 533 212 summae
559 178 728 219 potentiae

333 228 445 269 Atque
468 227 660 271 maiestatis,

281 276 427 318 Magnae
451 276 683 317 providentiae

332 325 377 358 Et
397 325 622 371 benignitatis,

281 374 423 408 Praesta
450 375 569 408 donum
597 376 724 417 gratiae

332 424 384 457 Ac
408 424 615 467 humilitatis,

284 473 419 507 scutum
446 474 635 519 patientiae,

333 523 448 564 Ignem
476 523 634 558 caritatis,

283 602 308 636 O
324 600 568 643 magnificentia

333 651 521 684 Maiestatis
546 651 620 693 Dei,

282 702 371 742 Quae
398 703 448 733 est
474 701 652 733 existentia

335 749 446 783 Omnis
473 748 582 782 factae
608 749 666 791 rei,

283 799 393 834 Corda
419 796 473 831 fac
500 799 635 839 capacia

333 848 425 881 Tuae
450 847 586 889 requiei,

288 897 378 937 Quae
405 897 548 930 clamant
574 906 634 938 pro
661 896 782 938 gratia:

333 946 495 979 Miserere
520 947 596 980 mei.

288 1025 387 1058 Pater
410 1024 586 1058 invisibilis

338 1074 400 1107 Per
426 1074 644 1118 divinitatem,

287 1122 395 1156 Filius
420 1122 562 1155 visibilis

336 1173 399 1205 Per
424 1171 671 1213 humanitatem,

287 1221 430 1261 Spiritus
458 1219 609 1253 amabilis

340 1270 388 1303 Ob
416 1269 662 1311 benignitatem,

288 1319 422 1359 Bepara
444 1318 480 1351 in
505 1318 638 1351 famulis

339 1368 418 1400 Tuis
445 1368 626 1402 caritatem.

291 1446 398 1481 Unum
428 1455 446 1478 ε)
472 1445 645 1479 mirificum

337 1495 490 1528 Summae
513 1495 657 1538 deitatis,

288 1545 443 1580 Personis
468 1543 660 1586 triplis-icum

336 1594 443 1628 Causa
468 1593 639 1635 trinitatis,

286 1644 351 1677 Sed
379 1652 488 1677 rerum
515 1642 702 1685 gignificum

336 1693 383 1726 Es
410 1692 612 1734 pluralitatis

287 1743 328 1776 Et
356 1741 482 1775 cunctis
509 1740 695 1783 glorificum

337 1791 434 1825 Cultu
460 1791 607 1832 pietatis.

284 1872 385 1913 Deus,
415 1870 469 1913 qui
495 1879 535 1903 ex
562 1870 711 1904 omnibus

333 1921 456 1954 Merito
483 1920 642 1964 laudaris,

283 1970 369 2004 Nam
397 1972 495 2004 dator
522 1969 709 2002 essentibus

335 2020 423 2054 Esse
450 2018 685 2061 comprobaris,

283 2071 332 2104 Te
358 2067 632 2103 benedicentibus

333 2119 415 2153 Odis
441 2118 493 2151 his
518 2116 700 2160 praeclaris

282 2170 405 2204 Tecum
432 2168 466 2201 in
495 2167 694 2201 caelestibus

330 2219 456 2253 Locum
481 2217 646 2260 largiaris.

282 2300 308 2334 Ο
335 2299 510 2341 pulchrum
536 2296 692 2331 mirabile

328 2348 481 2383 Omnium
505 2347 730 2390 pulchrorum,

277 2400 347 2433 Ens
375 2406 471 2431 omne
497 2397 642 2430 creabile

328 2448 471 2482 Faciens
499 2447 665 2492 decorum,

818 80 863 117 51

882 405 964 441 136.

886 827 966 863 137.

886 1250 967 1285 138.

884 1673 967 1707 139.

884 2096 966 2131 140.

991 180 1065 214 Hoc
1090 189 1150 222 per
1177 190 1308 214 carmen
1333 180 1444 214 habile

1040 231 1089 263 Te
1113 229 1302 263 laudantem
1330 230 1464 263 chorum

992 279 1045 312 Ad
1069 279 1314 312 interminabile

1042 328 1187 370 Regnum
1218 327 1281 360 duc
1308 328 1482 361 caelorum.

990 405 1081 439 Deus
1108 405 1327 452 admirabilis,

1040 455 1162 497 Bonus,
1190 455 1338 498 pulcher,
1366 454 1474 497 fortis,

994 504 1078 537 Mihi
1104 504 1314 548 venerabilis,

1042 554 1156 586 Donec
1180 554 1261 587 hora
1290 553 1403 587 mortis

993 602 1088 635 Meae
1115 603 1223 635 carnis
1250 602 1388 636 vinculis

1043 651 1209 684 Absolvar
1236 651 1395 693 distortis,

992 699 1139 733 Laudem
1166 702 1199 732 te
1225 708 1296 732 cum
1323 701 1447 741 angelis

1044 748 1182 782 Caelicis
1208 749 1241 782 in
1266 749 1382 782 hortis.

993 827 1106 860 Virtus
1132 826 1324 871 indicibilis,

1042 877 1157 909 Virtus
1183 875 1323 919 infinita,

993 926 1226 960 Demonstrata
1252 925 1391 958 saeculis

1043 975 1132 1017 Lege
1155 974 1328 1018 bipartita,

992 1024 1040 1057 Te
1067 1024 1210 1057 colentes
1235 1023 1341 1057 titulis

1041 1073 1191 1106 Laudum
1216 1074 1250 1105 in
1277 1072 1340 1105 hac
1364 1072 1432 1104 vita

993 1121 1062 1156 Nos
1090 1131 1161 1154 cum
1188 1121 1311 1154 sanctis
1338 1122 1462 1161 angelis

1041 1172 1096 1204 Ad
1122 1171 1229 1203 caelos
1255 1170 1369 1203 invita.

994 1249 1068 1283 Lux
1096 1248 1357 1289 impenetrabilis

1044 1298 1126 1331 Visu
1152 1298 1307 1340 sensuali,

996 1347 1061 1380 Sed
1087 1346 1313 1388 intellegibilis

1045 1396 1146 1430 Oculo
1169 1395 1314 1435 mentali,

993 1445 1134 1479 Praesta
1159 1445 1254 1478 nobis
1282 1443 1425 1477 credulis

1040 1494 1079 1527 In
1108 1494 1161 1528 die
1185 1493 1278 1526 finali

995 1542 1129 1577 Perfrui
1155 1552 1226 1575 cum
1253 1541 1380 1583 angelis

1044 1592 1120 1626 Vita
1144 1592 1332 1625 immortali.

993 1670 1120 1705 Lumen
1145 1669 1340 1704 indeficiens

1042 1721 1081 1753 In
1108 1724 1163 1753 tuo
1191 1720 1329 1761 fulgore,

992 1769 1138 1803 Devotos
1165 1769 1314 1802 alliciens

1044 1819 1190 1852 Fervido
1216 1827 1336 1862 amore,

995 1868 1045 1902 Sis
1070 1872 1143 1901 tuos
1169 1867 1320 1900 reficiens

1043 1917 1187 1950 Attritos
1213 1916 1337 1960 labore,

993 1967 1079 2007 Quos
1107 1969 1139 1999 et
1165 1966 1286 2007 premit
1311 1966 1460 1999 saeviens

1041 2016 1158 2049 Hostis
1185 2025 1257 2048 cum
1282 2014 1405 2050 furore.

996 2095 1146 2130 Omnium
1171 2095 1372 2136 principium

1043 2144 1346 2188 Superprincipale,

994 2194 1069 2228 Non
1095 2193 1218 2228 habens
1245 2194 1375 2227 initium

1044 2245 1112 2278 Sed
1139 2252 1173 2276 es
1199 2244 1377 2286 aeternale,

995 2293 1093 2327 Sume
1119 2293 1316 2327 sacrificium

1042 2343 1131 2377 Illud
1157 2343 1324 2388 musicale,

994 2393 1086 2435 Quod
1114 2392 1175 2425 tibi
1200 2402 1261 2434 per
1286 2391 1440 2433 gaudium

1044 2442 1152 2476 Offero
1178 2442 1330 2476 mentale.
