1650 2671
650 582 716 614 VII.
736 581 934 616 Psalterium
954 583 1106 615 Primum.

636 683 788 718 Oratio
820 684 1121 725 prooemialis.

213 769 243 802 1.
273 766 430 803 Illibatae
455 770 570 802 matris
596 773 682 813 nate,

270 818 337 851 Fili
364 818 436 857 Dei,
465 827 593 862 precor,
619 819 684 851 mei

320 867 438 901 Gordis
465 868 587 900 munda
611 867 784 910 latebram,

276 915 323 949 Ut
347 919 461 957 aperte
485 919 520 948 et
547 917 670 949 diserte

271 965 386 997 Mente
411 967 480 997 tota
508 968 541 997 et.
567 965 684 998 devota

320 1014 469 1056 Hymnos
496 1017 570 1047 tuos
596 1013 775 1056 proferam.

235 1119 241 1126 .
270 1090 357 1137 Heli,
384 1092 462 1135 heli,
487 1097 597 1126 rector
623 1093 716 1134 caeli,

271 1142 340 1175 Nos
367 1142 502 1175 attende
528 1145 561 1174 et
586 1142 730 1175 accende

319 1191 376 1224 Me
402 1200 545 1231 superna
571 1190 687 1233 gratia,

272 1240 358 1273 Nam
382 1241 510 1273 sincero
538 1241 638 1274 corde
665 1249 785 1281 quaero

269 1289 347 1323 Tibi
373 1291 461 1324 ferre
487 1293 521 1321 et,
545 1289 664 1323 offerre

321 1339 470 1372 Laudum
497 1338 670 1373 sacrificia.

234 1444 241 1451 .
270 1415 443 1452 Eruditum
472 1421 504 1450 et
530 1419 689 1452 munitum

269 1468 359 1500 Tuae
385 1467 478 1509 legis,
507 1477 570 1509 qua
595 1477 654 1501 nos
678 1468 774 1511 regis,

323 1516 393 1550 Fac
418 1526 471 1550 me
496 1526 557 1557 per
582 1516 757 1558 eloquium,

270 1567 339 1607 Quo
366 1566 484 1599 timore
510 1569 542 1598 et
567 1574 680 1599 amore

271 1616 396 1648 Possim
422 1615 469 1647 tui
496 1624 627 1656 semper
654 1614 719 1647 frui

322 1666 386 1698 Per
412 1665 475 1697 hoc
499 1665 718 1706 soliloquium.

918 771 950 803 4.

917 1094 949 1127 5.

979 766 1208 811 Suspirantem
1237 773 1267 802 et
1295 771 1486 802 clamantem

977 819 1032 851 Ad
1059 824 1092 851 te
1118 818 1223 851 Deum
1251 820 1326 852 audi
1355 827 1443 851 reum

1030 868 1146 901 Solita·
1162 868 1344 907 clementia,

981 916 1103 950 Confer
1130 920 1261 959 statum,
1289 916 1347 949 sed
1374 917 1537 957 signatum

980 965 1079 1006 Signo
1107 965 1223 1006 crucis,
1252 965 1356 998 hostis
1384 966 1485 997 trucis

1027 1014 1171 1048 Servans
1198 1024 1218 1047 a
1242 1014 1390 1047 saevitia.

977 1090 1046 1128 Uas
1071 1094 1215 1131 honoris,
1242 1103 1330 1126 mors
1358 1093 1490 1134 erroris,

979 1142 1064 1184 Opto
1089 1142 1197 1186 nimis,
1224 1145 1262 1174 ut
1285 1142 1447 1183 imprimis

1027 1192 1088 1224 Tui
1118 1191 1175 1224 des
1201 1192 1400 1231 memoriam,

980 1240 1024 1274 Ut
1052 1241 1208 1274 decenter
1234 1245 1268 1273 et
1292 1240 1483 1281 frequenter

978 1291 1064 1324 Puro
1090 1290 1192 1323 corde
1216 1290 1288 1323 siue
1312 1290 1412 1323 sorde

1027 1340 1130 1372 Tuam
1158 1342 1286 1372 cantem
1312 1339 1461 1381 gloriam.

981 1415 1148 1459 Splendor
1166 1419 1282 1460 patris,
1302 1419 1407 1451 honor
1424 1418 1536 1451 matris·

978 1468 1026 1501 Ob
1052 1468 1181 1509 insigne
1205 1470 1295 1500 tuum
1324 1468 1421 1509 (ligne

1027 1517 1157 1550 Nomen
1182 1515 1238 1550 fac
1264 1527 1315 1550 me
1339 1520 1464 1549 streuu(

977 1566 1005 1599 T
1008 1576 1026 1599 e
1051 1566 1198 1608 laudare,
1225 1565 1429 1606 praedicare,

980 1615 1025 1649 Ut
1049 1615 1143 1649 finita
1168 1616 1274 1648 caruis
1300 1616 1368 1648 vita

1028 1664 1196 1699 Gaudeam
1224 1669 1392 1706 perpetue.

681 1751 999 1796 Quinquagena
1034 1755 1061 1789 1.

236 1849 241 1855 .
268 1824 352 1865 Ave,
381 1824 465 1863 Iesu,
494 1823 548 1864 qui
575 1832 675 1864 super
700 1820 834 1856 flumina

269 1873 458 1906 Gratiarum
485 1872 616 1912 plantas
644 1872 826 1915 ecclesiam,

269 1922 350 1955 Sere
374 1932 407 1954 m
434 1930 486 1953 me
508 1921 664 1954 virtutum
693 1921 827 1963 semina,

269 1971 394 2012 Quibus
422 1969 548 2004 fructus

343 2029 504 2063 perennes
536 2018 666 2053 faciam.

231 2128 238 2134 .
269 2102 340 2134 Ave
366 2102 450 2139 Iesu,
480 2109 573 2141 quem
602 2099 787 2141 theologica

266 2150 366 2184 Dicta
384 2149 446 2184 Dei
474 2150 701 2182 demonstrant
724 2148 836 2194 filium,

266 2200 356 2233 Serti
374 2204 450 2233 tuae
466 2208 528 2241 me,
554 2208 686 2241 quaeso,
706 2199 840 2239 adplica

268 2250 349 2284 Cum
378 2254 558 2283 extremum
584 2251 648 2281 erit
671 2248 837 2281 iudicium.

231 2357 239 2365 .
266 2331 350 2372 Ave,
378 2332 410 2363 in
437 2338 532 2370 quem
550 2338 629 2370 gens
649 2329 842 2363 adversaria

267 2379 452 2413 insurrexit
481 2379 596 2412 crebro
624 2377 800 2420 fallaciter,

265 2430 349 2462 Tela
372 2429 479 2462 hostis
503 2428 731 2470 persecutoria

268 2479 447 2512 Declinare
474 2477 528 2511 fac
553 2488 605 2511 me
631 2478 804 2519 sagaciter.

915 1824 947 1857 4.

916 2333 948 2363 (3.

976 1823 1059 1863 Ave,
1087 1823 1142 1864 qui
1169 1823 1313 1856 virorum
1339 1824 1536 1864 gementium

979 1872 1121 1905 Frontes
1149 1873 1323 1913 mmguasti
1344 1871 1415 1904 Tau
1441 1873 1548 1915 litera,

977 1921 1029 1954 Ne
1054 1922 1087 1954 in
1115 1921 1196 1954 iram
1217 1931 1307 1954 ruam
1328 1920 1548 1965 frementium,

977 1970 1084 2004 Gruce
1109 1971 1200 2003 muni
1225 1980 1278 2004 me
1302 1969 1486 2007 salutifera.

941 2077 946 2083 .
975 2051 1058 2090 Ave,
1086 2052 1118 2084 in
1147 2060 1241 2092 quem

1047 2109 1139 2142 spem
1164 2103 1311 2133 nostram
1337 2101 1498 2142 ponimuS‚

975 2151 1035 2190 Qui
1047 2152 1220 2191 sequentes
1230 2152 1263 2182 te
1274 2159 1404 2190 semper
1413 2150 1547 2191 liberas,

976 2200 1014 2233 In
1040 2203 1075 2232 te
1101 2198 1204 2232 corda
1228 2204 1344 2233 nostra
1365 2200 1547 2241 dirigimus.

980 2250 1028 2284 Ut
1053 2249 1094 2282 ad
1122 2257 1239 2289 preces
1265 2258 1360 2282 aures
1387 2249 1530 2290 aperias

976 2329 1059 2371 Ave,
1087 2338 1105 2362 o
1132 2328 1279 2361 salvator
1305 2327 1463 2370 piissime,

975 2379 1047 2411 Tua
1078 2380 1184 2411 morte
1210 2381 1399 2411 restaurans
1425 2380 1548 2417 vetera,

974 2429 1006 2461 A
1031 2427 1205 2461 tormentis
1223 2428 1343 2460 mentis
1360 2435 1412 2458 me
1430 2427 1548 2470 exime,

977 2478 1101 2518 Quibus
1121 2486 1254 2518 premor
1269 2477 1310 2510 ob
1326 2485 1394 2509 mea
1411 2476 1547 2509 scelera.
