1650 2671
698 137 744 142 ——
797 117 865 154 145

155 216 236 251 128.
256 215 383 258 Gaude,
401 215 623 256 dispensatrix
634 214 796 261 munifica,

251 265 300 298 Te
315 265 507 299 laudantum
525 264 634 298 ditans
642 265 798 307 inopiam,

253 314 310 347 Me
318 317 508 357 certantem,
519 322 650 359 quaeso,
658 313 801 348 fortifica

254 363 486 406 Expugnando
497 364 599 396 hostis
606 363 799 405 potentiam.

156 427 237 462 129.
257 426 382 472 Gaude,
412 427 501 460 cuius
527 428 730 461 orationibus

255 476 500 510 Convertuntur
514 477 557 509 ad
569 476 668 511 fidem
682 478 798 522 exteri,

255 526 464 559 Honorantes
482 531 515 558 te
533 526 567 558 in
581 527 631 559 his
645 526 799 560 laudibus

256 577 287 608 A
314 574 478 617 profundo
496 584 674 616 praeserva
690 574 798 609 inferi.

165 640 244 674 130.
262 639 388 683 Gaude,
405 641 512 672 mater
532 638 652 672 Christi
671 640 799 679 eximia,

256 687 439 721 Nominosa
462 688 496 720 in
522 688 724 729 mulieribus,

256 738 414 771 Passione
440 746 492 770 me
513 746 660 778 pressum
683 737 784 769 nimia

256 786 342 819 Sana
369 789 402 818 et
426 796 446 818 a
462 786 580 819 mentis
598 786 797 819 vulneribus.

158 850 238 884 131.
256 849 381 893 Gaude,
408 849 552 890 gloriosa

328 895 482 942 (Christi)
508 898 689 941 theotocos,

253 948 341 988 Quae
366 946 514 980 meruisti

335 995 501 1029 Christum
526 996 668 1041 gignere,

252 1046 307 1079 Ad
335 1054 486 1079 excessus
514 1044 581 1077 eius
608 1046 771 1079 theoricos

252 1095 310 1129 Me
336 1095 492 1136 digneris,

331 1152 460 1185 quaeso,
489 1144 681 1184 perducere.

158 1209 237 1243 132.
259 1207 386 1248 Gaude,
413 1208 601 1248 praeelecta
625 1217 645 1239 a
670 1208 800 1240 saeculo

260 1257 314 1290 Ad
343 1260 534 1297 conceptum

328 1305 451 1338 Christi
476 1306 711 1348 thearchicum,

260 1355 414 1388 Caritatis
440 1363 492 1387 me
517 1356 583 1397 liga
610 1356 749 1397 vinculo,

253 1405 320 1445 Quo
347 1407 380 1436 te
405 1413 520 1446 amem,

331 1454 435 1488 Deum
463 1456 496 1486 et
521 1453 718 1496 proximum.

156 1514 238 1548 133.
253 1513 381 1554 Gaude,
410 1522 430 1546 o
457 1513 630 1546 benedicta
657 1513 798 1553 domina,

252 1563 290 1596 In
303 1571 447 1604 superna
459 1571 597 1604 regnans
608 1562 796 1602 Ierusalem,

254 1612 334 1645 Sere
356 1613 392 1645 in
416 1621 468 1644 me
486 1612 642 1645 virtutum
659 1612 792 1653 semina,

251 1662 373 1702 Quibus
402 1659 535 1694 fraudes

324 1712 429 1744 hostis
455 1709 652 1744 mellificem.

157 1771 236 1804 134.
254 1769 380 1813 Gaude,
408 1771 510 1812 virgo,

325 1821 376 1852 cui
401 1820 515 1854 mundi
541 1820 692 1854 machina

252 1869 338 1903 Tota
347 1869 463 1903 laudes
477 1870 642 1903 nictanter
653 1873 796 1914 resonat,

251 1918 478 1952 Dissidentum

322 1972 448 2001 mentes
474 1968 669 2014 conglutina,

254 2017 797 2061 Quoshostilislivordegrandinat.

157 2077 238 2112 135.
256 2077 382 2119 Gaude,
412 2078 501 2111 cuius
527 2077 749 2112 munificentia

254 2127 444 2161 Animarum
476 2127 560 2161 ditat
585 2128 788 2170 pauperiem,

247 2177 298 2211 De
324 2186 477 2221 superna,
505 2187 613 2223 exoro,
641 2178 749 2220 gratia

251 2226 374 2261 Mentis
401 2237 493 2261 meae
519 2228 593 2261 ciba
619 2228 769 2263 esuriem,

150 2286 231 2322 136.
254 2287 380 2330 Gaude,
411 2287 511 2331 virgo,
541 2287 631 2321 cuius
649 2290 796 2322 oramine

247 2337 377 2372 Inimici
402 2336 557 2379 fugantur
582 2338 737 2379 impetus,

246 2387 411 2421 Libertati
429 2397 482 2420 me
499 2388 604 2421 redde
621 2387 791 2432 pristinae,

246 2437 427 2479 Babylonis

324 2496 418 2529 quem
445 2487 569 2528 premit
593 2487 745 2520 servitus.

208 2547 229 2571 D
237 2554 268 2571 ro
275 2553 304 2572 ve
311 2554 323 2570 s
330 2566 337 2575 ,
355 2547 481 2571 Psalteria
497 2546 701 2572 Wessofontam.

865 217 942 251 1537.
961 216 1084 261 Gaude,
1114 216 1203 249 cuius

1032 265 1212 308 praeclaris
1236 263 1362 296 meritis

958 316 1189 348 Instaurantur
1214 313 1327 346 ruinae
1345 310 1498 352 caelicae,

958 365 1155 398 Absolutum
1181 361 1307 404 peccati
1336 359 1457 394 debitis

957 414 1015 447 Me
1035 412 1192 454 phalangi
1217 414 1297 453 apta
1321 408 1499 451 angelicae.

854 478 944 513 =138.
960 477 1087 518 Gaude,
1107 476 1215 515 stella,
1235 476 1326 508 cuius
1343 474 1503 506 serenitas

958 526 1150 559 Animarum
1176 526 1320 557 illustrat
1341 523 1501 563 tramites,

960 575 1056 607 Lucls
1083 578 1168 615 tuae,
1197 583 1285 615 rogo,
1314 572 1466 604 vicinitas

958 624 1182 657 Tenebrarum
1209 621 1300 664 fuget
1324 621 1494 654 satellites.

862 689 942 723 139.
959 687 1084 726 Gaude,
1100 688 1164 729 via,
1182 696 1245 728 qua
1258 687 1342 718 vitae
1358 684 1500 726 portitor

956 737 1009 769 Ad
1036 745 1095 769 nos
1121 737 1212 769 venit

1030 794 1161 818 carnem
1187 783 1381 826 suscipiens,

954 834 1021 874 Me,
1041 833 1094 876 qui
1111 834 1172 867 tibi
1190 834 1252 867 hac
1269 832 1334 866 oda
1346 831 1498 873 famulor,

956 883 1007 916 Sis
1033 884 1074 916 ah
1099 883 1241 916 inimicis
1268 882 1422 923 eripiens.

859 944 941 978 140.
958 942 1084 984 Gaude,
1113 942 1202 975 cuius
1219 941 1298 975 iusti
1317 940 1496 973 custodiam

956 992 1193 1025 Promerentur
1218 989 1432 1024 orationibus.

955 1041 1051 1074 Assis
1058 1041 1148 1083 mihi,
1156 1049 1284 1083 precor,
1297 1049 1338 1072 ne
1346 1048 1495 1072 corruam

959 1090 1194 1124 Adulationum
1220 1089 1436 1123 sermonibus,

861 1150 928 1184 141
959 1149 1085 1191 Gaude,
1104 1150 1207 1190 virgo,
1228 1150 1317 1182 cuius
1331 1148 1497 1190 praesidio

957 1199 1175 1232 Debellantur
1200 1199 1311 1231 hostes
1338 1198 1484 1237 tartarei,

956 1248 1061 1281 Natus
1090 1251 1164 1280 tuus
1193 1251 1249 1281 tuo
1276 1246 1428 1289 suffragio

956 1297 1066 1331 Donet
1090 1296 1185 1331 nobis
1212 1306 1347 1339 regnum
1373 1297 1491 1338 Elysii.

861 1357 941 1392 142.
958 1356 1082 1401 Gaude,
1092 1355 1504 1389 clavis.abs01vensnoxi0s

957 1406 1084 1439 Inimici
1109 1415 1129 1438 a
1154 1410 1245 1439 truce
1270 1406 1405 1448 impetu,

955 1455 1080 1489 Luctus
1098 1458 1227 1487 nostros
1246 1455 1373 1488 resolve
1390 1454 1503 1487 anxios

955 1503 1180 1538 Miserationis
1206 1505 1337 1537 intuitu.

860 1565 938 1598 143.
957 1562 1082 1604 Gaude,
1098 1564 1200 1605 virgo,
1213 1563 1317 1597 funda
1327 1563 1499 1605 Davidica,

957 1612 1055 1646 Cuius
1062 1613 1146 1655 lapis
1156 1613 1273 1647 stravit
1286 1613 1503 1655 allophylum,

955 1663 1049 1697 Inter
1072 1662 1163 1696 bella
1187 1666 1278 1696 tuum
1306 1663 1496 1696 daemonica

956 1712 1208 1746 Consternatum

1031 1760 1181 1795 conforta
1206 1762 1373 1796 famulum.

863 1822 943 1856 144.
961 1821 1086 1863 Gaude,
1102 1822 1206 1864 virgo,
1222 1822 1311 1855 cuius
1326 1832 1387 1864 pro
1397 1822 1503 1865 gloria

956 1870 1177 1913 Symphonizo

1027 1922 1111 1955 hanc
1137 1921 1234 1955 odam
1261 1922 1421 1965 melicam,

955 1970 1101 2004 Mentem
1127 1981 1232 2004 meam
1251 1973 1378 2013 peccati
1397 1972 1505 2005 scoria

957 2020 1159 2055 obduratam
1178 2021 1257 2055 lima
1274 2032 1334 2063 per
1352 2023 1502 2064 gratiam.

859 2079 940 2115 145.
957 2078 1082 2123 Gaude,
1111 2082 1183 2115 odis

1030 2140 1126 2173 quam
1152 2132 1291 2165 laudant
1314 2131 1442 2165 melicis

958 2179 1021 2213 Dia
1048 2184 1080 2213 et
1106 2181 1233 2214 marina
1260 2185 1292 2213 et
1317 2183 1439 2223 terrea,

955 2230 1124 2263 Irretitum
1147 2231 1277 2272 peccati
1302 2231 1429 2273 pedicis

955 2281 1021 2314 Per
1047 2289 1178 2313 oramen
1204 2284 1295 2314 tuum
1323 2281 1469 2323 elaquea.

858 2339 939 2373 146.
955 2338 1083 2381 Gaude,
1110 2340 1203 2373 cuius
1227 2340 1328 2374 laude
1354 2340 1487 2374 assidue

956 2389 1164 2422 Psalmodiae
1191 2390 1263 2423 odis
1289 2389 1481 2430 insistimus,

954 2437 1110 2471 Trinitati
1136 2448 1194 2472 nos
1218 2438 1411 2473 individuae

954 2488 1108 2521 Recomm
1113 2489 1209 2531 enda,
1224 2489 1341 2523 devote
1348 2488 1499 2530 petimus,

1288 2546 1323 2576 10
