1650 2671
705 101 945 137 ,47-

161 200 219 234 86.
246 200 271 233 O
297 197 565 233 incommutabile

293 248 416 282 Rerum
441 247 704 295 tundamentum,

244 297 307 331 His
333 298 525 331 inviolabile

296 347 472 382 Praestans
499 346 762 394 fundamentum,

248 396 348 430 Iustis
374 397 580 431 immutabile

294 444 394 489 Legis
420 449 653 481 testamentum

246 494 292 528 Et
317 495 564 530 interminabile

295 544 430 578 Iniustis
456 550 668 583 tormentum.

870 429 926 463 92.

163 625 218 658 87.
246 624 271 657 O
301 624 379 670 vita,
407 623 594 658 fecunditas

297 673 448 708 Omnium
475 676 627 716 vitarum,

249 722 320 763 Qua
344 727 377 756 et
401 724 632 757 immortalitas

298 772 391 806 Fluit
414 774 607 816 animarum,

250 822 315 855 Per
341 825 375 855 te
400 822 494 856 nobis
520 824 648 863 puritas

300 871 582 906 conscientiarum

248 920 355 954 Detur
380 925 479 962 atque
505 919 646 955 foeditas

298 971 480 1004 Mundetur
507 971 688 1013 culparum.

869 854 928 887 93.

164 1050 227 1083 88.
254 1049 340 1089 Iesu,
366 1049 601 1091 praeamabilis

302 1098 412 1132 Patris
439 1099 591 1141 genitura

252 1147 401 1189 Eiusque
423 1148 586 1181 mirabilis

302 1197 467 1238 Splendor
494 1200 525 1229 et
551 1196 666 1239 figura,

251 1247 283 1279 A
308 1247 374 1279 tuis
398 1255 487 1279 nunc
512 1244 645 1279 famulis

299 1294 407 1329 Aufer
432 1296 592 1337 nocitura,

252 1344 343 1385 Quae
366 1345 472 1378 hostis
499 1344 697 1378 damnabilis

301 1392 411 1428 Infert
436 1403 561 1426 summa
589 1403 676 1427 cura.

874 1277 930 1310 94.

167 1474 223 1507 89.
253 1472 339 1513 Iesu,
367 1473 526 1514 splendor
549 1472 684 1515 gloriae,

303 1521 469 1562 Splendor
493 1522 686 1563 paternalis,

253 1572 322 1612 Quo
348 1571 551 1604 mundantur
576 1571 702 1604 scoriae

303 1619 418 1653 Noxae
443 1620 631 1663 mundialis,

254 1670 334 1704 Cum
361 1671 471 1703 solvar
497 1680 517 1703 a
543 1670 654 1703 scabie

298 1718 431 1753 Vinculi
457 1719 611 1762 carnalis,

250 1769 336 1802 Tuta
362 1778 414 1801 me
439 1779 460 1802 a
483 1768 578 1802 rabie

300 1818 414 1852 Hostis
439 1817 624 1854 infernalis,

873 1701 931 1735 95.

164 1899 222 1932 90.
251 1897 379 1930 Nomen
405 1897 722 1941 Tetragrammaton‚

300 1945 428 1980 Nomen
453 1946 572 1979 summi
597 1947 671 1988 Dei,

250 1995 322 2029 Nec
347 2005 412 2029 non
439 1995 643 2037 homousion,

300 2044 413 2079 Robur
438 2054 531 2078 meae
556 2046 640 2087 spei,

250 2095 358 2128 Tuere
382 2104 435 2128 me
462 2095 503 2129 de
530 2094 608 2128 Sion

297 2145 441 2188 Dignum
466 2144 583 2186 poenis
609 2145 659 2178 rei

246 2194 293 2228 Et
317 2204 418 2237 prece
443 2194 619 2228 theotocon

258 2266 267 2272 a
298 2244 462 2278 Miserere
486 2244 561 2278 mei.

874 2127 933 2160 96.

166 2326 221 2359 91.
252 2324 277 2358 O
305 2325 478 2367 pulchrum
504 2323 678 2358 mirificum

299 2375 449 2409 Omnium
475 2374 699 2419 pulchrorum,

248 2423 358 2458 Decus
387 2425 469 2458 dans
498 2423 651 2458 vifificum

300 2475 448 2508 Naturae
475 2483 596 2516 eorum,

952 200 1099 235 Auferas
1122 199 1311 234 horrificum

1004 250 1129 284 Ducem
1155 253 1354 284 tartarorum

953 299 1181 341 impetumque
1207 299 1369 332 hosticum

1003 349 1180 384 Servorum
1201 351 1343 384 tuorum.

955 429 980 463 Ο
1007 429 1112 462 virtus
1139 426 1280 461 mirifica

1004 477 1125 510 Induta
1152 478 1314 519 decorem,

955 526 1054 567 Quam
1083 528 1145 560 hac
1170 527 1268 559 laude
1294 527 1432 559 metrica

1005 577 1118 610 Laudo
1146 577 1402 618 redemptorem,

955 626 994 658 In
1020 634 1072 657 me
1099 623 1264 657 recalifica

1004 673 1212 707 Exstmetum
1239 683 1380 707 amorem

954 723 1000 756 Et
1025 724 1142 764 culpae
1167 722 1328 755 mortifica

1005 771 1139 806 Penitus
1166 773 1322 815 vigorem.

954 851 1044 884 Fons
1068 851 1323 893 intellegentiae,

1005 901 1140 935 Bonitas
1169 900 1290 942 divina,

956 950 1026 991 Qua
1052 950 1197 992 gaudent
1221 950 1384 983 essentiae

1006 999 1096 1033 Caeli
1123 998 1266 1040 officina,

955 1048 1100 1082 Nostrae
1124 1048 1330 1090 ignorantiae

1007 1097 1115 1131 Penas
1141 1098 1277 1138 asinina,

958 1147 1097 1187 Culpam
1121 1147 1304 1179 iniustitiae

1008 1195 1086 1229 Gum
1114 1194 1233 1229 fraude
1258 1196 1403 1237 vulpina.

959 1273 1118 1308 Conditor
1144 1278 1349 1315 omnipotens

1005 1324 1249 1367 Appellatione,

960 1373 1084 1407 Cuncta
1109 1371 1234 1416 fovens,
1263 1374 1411 1406 nutriens

1007 1421 1262 1463 Gubernatione‚

957 1472 1029 1505 Tua
1053 1481 1106 1505 me
1132 1471 1284 1505 erudiens

1007 1520 1058 1554 Sis
1083 1521 1310 1562 instructione,

959 1572 1021 1611 Qui
1048 1580 1120 1604 erro
1145 1570 1305 1612 insipiens

1008 1619 1257 1656 Obcaecatione.

959 1700 984 1734 O
1011 1699 1263 1740 superamabilis

1007 1748 1071 1782 Dei
1096 1748 1320 1790 pulchritudo,

960 1800 1062 1840 Quam
1088 1798 1319 1831 inenarrabilis

1006 1847 1112 1881 Decet
1135 1847 1335 1890 sanctitudo,

958 1897 1030 1930 Tua
1054 1897 1149 1930 nobis
1173 1895 1305 1930 famulis

1005 1947 1160 1981 Praestet
1183 1946 1343 1988 lenitudo,

958 1996 1078 2029 Locari
1106 2005 1177 2029 cum
1204 1997 1328 2037 angelis

1010 2044 1142 2080 Caelico
1166 2046 1203 2079 in
1229 2046 1323 2081 sudo.

962 2124 1094 2158 Summe
1122 2125 1291 2167 diligibilis

1007 2174 1066 2217 Es,
1094 2185 1112 2209 0
1139 2183 1263 2208 summe
1288 2175 1388 2216 Deus,

958 2225 1060 2266 Quem
1085 2224 1283 2258 insatiabilis

1008 2275 1108 2315 Cupit
1132 2284 1225 2308 amor
1248 2283 1350 2317 meus,

956 2323 1020 2367 En,
1044 2333 1097 2357 me
1124 2325 1240 2366 eulpae
1265 2324 1401 2357 maculis

1006 2374 1119 2410 Vexat
1143 2374 1331 2417 lebusaeus,

958 2424 1046 2458 Hinc
1071 2433 1124 2457 me
1147 2427 1183 2457 ut
1210 2422 1406 2458 damnabilis

1008 2475 1188 2508 Prosterno
1213 2478 1245 2507 et
1270 2481 1356 2506 reus„
