1650 2671
716 123 980 159 —162—

181 223 238 258 42.
253 222 335 266 Ave,
363 222 453 254 cuius
480 221 602 254 relucet
627 221 775 262 probitas

247 271 353 313 Super
366 271 469 304 solem
481 271 515 303 in
530 270 641 303 mundi
652 270 813 312 partibus,

248 320 328 354 Mea
350 329 467 362 pressa
489 328 549 361 per
566 319 688 360 probra
704 319 815 354 vilitas

251 369 446 403 Sublevetur
470 369 536 401 tuis
562 368 762 410 precatibus.

175 458 233 493 43.
247 458 331 499 Ave,
359 457 466 499 stella,
493 466 555 498 per
575 457 665 489 cuius
683 457 811 490 radium

244 507 392 548 Longum
406 510 516 540 terrae
528 506 696 547 latumque
709 506 837 548 emicat,

243 555 358 589 Hostis
381 556 486 589 nostri
503 554 620 597 frange
634 555 810 596 obsidium,

243 604 304 645 Qui
330 604 519 646 frequenter

316 657 430 687 contra
454 663 513 688 nos
542 654 686 688 dimicat.

171 743 229 776 44.
244 744 327 783 Ave,
355 743 430 775 aula
455 744 541 784 regis
567 743 727 782 altissimi,

242 792 312 832 Qua
335 793 488 833 pausavit

314 844 364 873 ter
388 840 494 873 tribus
519 841 695 881 mensibus,

242 890 357 923 Sedem
385 890 448 921 mei
476 899 621 931 expurga
638 891 736 923 animi

241 938 351 972 Omnis
377 939 426 971 rei
452 949 471 972 a
500 939 718 979 cupidinibus.

167 1024 321 1067 45.Ave7
350 1027 459 1059 cordis
483 1027 545 1059 mei
573 1026 702 1071 fiducia,

242 1075 456 1108 Consolamen
482 1078 580 1116 atque
605 1074 777 1117 refugium,

240 1124 455 1157 Hierarchiae
482 1133 644 1165 supernae
671 1124 791 1166 gaudia

245 1173 349 1205 Tuum
358 1173 603 1214 nobispraestet
609 1172 805 1216 suffragium.

877 222 936 255 46.
950 223 1034 264 Ave,
1062 222 1155 264 virgo
1183 222 1224 255 de
1249 221 1384 255 olivatio

949 271 1065 304 Monte
1077 274 1190 304 natum
1204 271 1318 304 videns
1328 271 1516 316 ascendere,

947 320 1005 353 Me
1030 320 1199 353 subactum
1227 320 1320 362 gravi
1345 319 1485 361 imperio

946 368 1108 402 Vitiorum
1135 370 1232 403 stude
1257 369 1438 404 absolvere.

872 458 930 493 47.
944 459 1027 501 Ave,
1056 461 1207 492 creatura
1231 458 1403 503 mirabilis,

946 507 1016 547 Qua
1041 508 1088 540 nil
1114 509 1218 542 maius

1020 565 1117 598 quam
1142 556 1246 590 Deum
1274 557 1418 600 repperi,

945 605 1015 638 Nos
1044 607 1199 650 digneris,
1228 609 1334 639 mater
1352 605 1514 647 amabilis,

944 655 1122 689 Custodire
1149 653 1168 688 a
1194 655 1299 696 portis
1325 653 1435 690 inferi.

869 743 1023 786 48.Ave‚
1052 744 1201 785 genetrix
1226 744 1409 785 sapientiae

942 794 974 825 A
1001 793 1151 833 supernis
1180 792 1329 832 dilapsae
1352 792 1498 836 sedibus,

940 841 1069 874 Donum
1096 840 1173 874 mihi
1201 845 1336 882 praesta
1354 841 1511 875 scientiae

945 890 1140 931 Comparato
1166 890 1409 930 insipientibus,

867 979 924 1011 49.
940 980 1023 1021 Ave,
1045 979 1135 1010 cuius
1160 978 1270 1010 laudis
1296 978 1506 1019 praeconium

943 1029 1013 1061 Iam
1038 1036 1099 1068 per
1126 1031 1227 1059 totum

1016 1076 1170 1108 mundum
1196 1076 1368 1116 increbuit,

942 1125 1013 1158 Fac
1037 1133 1089 1156 me
1105 1128 1197 1157 tuum
1213 1133 1274 1165 per
1291 1125 1511 1166 patrocinium

942 1173 1127 1216 Declinare,
1155 1182 1239 1215 quae
1263 1173 1353 1206 Deus
1379 1173 1493 1206 vetuit.

481 1262 537 1294 50.
564 1262 646 1298 Ave,
674 1261 782 1301 stella,
809 1261 901 1294 cuius
926 1261 1079 1293 luciditas

564 1310 723 1343 Mundum
750 1310 838 1342 omni
862 1313 981 1351 purgat
1007 1310 1154 1355 caligine,

562 1359 754 1392 Foeditates
778 1359 858 1391 mihi
882 1358 1014 1391 inolitas

565 1409 656 1441 Tuae
679 1408 762 1440 lucis
789 1408 911 1441 munda
936 1409 1119 1450 aspergine.

643 1535 746 1575 Quin
760 1545 956 1577 quagena
982 1536 1026 1570 Π.

167 1623 322 1663 51.Ave‚
349 1624 453 1668 virgO,
481 1623 577 1657 radix
603 1624 786 1666 magnifica,

237 1672 340 1705 Nobis
365 1674 467 1705 crevit
485 1682 548 1714 qua
567 1671 627 1706 flos
645 1672 802 1718 odorifer,

238 1721 357 1755 Funda
381 1721 460 1754 mihi
486 1721 596 1754 sedem
624 1723 656 1754 in
682 1723 804 1756 caelica

236 1770 394 1813 Regione,
422 1780 485 1812 qua
509 1774 616 1804 tecum
642 1771 773 1813 glorier,

168 1859 224 1892 52.
240 1859 320 1897 Ave,
350 1869 367 1892 o
395 1859 533 1892 dulcedo
558 1860 748 1899 munditiae,

237 1908 382 1948 Replens
409 1908 468 1941 tibi
497 1909 631 1943 devotos
656 1910 773 1953 gratia,

235 1956 358 1990 Lumen
376 1957 455 1990 mihi
479 1961 610 1999 praesta
632 1959 801 2001 scientiae,

237 2006 337 2046 Quem
360 2006 519 2040 bonorum
539 2011 651 2040 caecat
664 2008 802 2042 iustitia.

167 2095 320 2134 53,Ave,
349 2095 432 2127 caeli
457 2104 541 2137 quae
566 2096 780 2129 tabernacula

236 2143 383 2176 introisti
409 2148 518 2177 mente
546 2149 579 2177 et
604 2154 750 2190 corpore,

232 2192 360 2225 Inimici
386 2193 480 2233 igniti
506 2193 615 2226 iacula

231 2241 334 2274 Prece
357 2245 415 2273 tua
441 2242 484 2274 da
508 2242 590 2275 mihi
615 2242 757 2276 vincere.

163 2332 219 2365 54.
234 2332 317 2372 Ave,
345 2339 407 2371 qua
432 2330 599 2363 mundiale
624 2329 752 2363 facinus

229 2380 293 2413 Est
309 2381 461 2421 amotum,
483 2380 569 2421 quod
587 2379 661 2413 Eva
678 2379 799 2422 intulit,

233 2429 337 2462 Prece
357 2432 415 2461 tua
431 2439 488 2462 nos
506 2428 612 2462 salvet
630 2428 798 2473 Dominus,

234 2479 295 2520 Qui
312 2488 372 2521 pro
389 2479 485 2511 nobis
502 2478 638 2520 indigna
652 2478 800 2520 pertulit.

866 1627 921 1659 55.
938 1628 1021 1664 Ave,
1050 1625 1139 1658 cuius
1166 1626 1325 1667 exemplis
1354 1627 1475 1660 vividis

936 1674 1192 1707 Demonstratur
1217 1675 1307 1709 vitae
1334 1674 1506 1717 perfectio,

936 1723 1126 1766 Miseresce‚
1153 1733 1172 1757 ο
1197 1727 1275 1758 nata
1301 1724 1449 1768 Davidis‚

937 1770 1125 1814 Profligatis
1150 1774 1185 1805 in
1209 1775 1412 1816 purgatorio.

865 1847 921 1881 56.
936 1848 1018 1885 Ave,
1035 1856 1129 1887 quam
1146 1851 1345 1880 venerantur
1359 1847 1504 1890 caelites,

937 1895 1043 1936 Super
1069 1896 1151 1929 caeli
1177 1897 1286 1929 levata
1312 1897 1433 1936 sidera,

936 1944 994 1978 Me
1019 1946 1060 1978 ad
1082 1945 1170 1978 vitae
1188 1946 1327 1979 reducas
1345 1947 1508 1987 tramites,

934 1994 996 2035 Qui
1018 2004 1080 2036 per
1105 2004 1189 2037 vaga
1216 2004 1311 2028 curro
1337 1995 1469 2029 itinera.

864 2069 920 2103 57.
936 2069 1018 2108 Ave,
1045 2071 1143 2109 porta
1169 2069 1392 2110 beatitudinis,

936 2117 1000 2149 Per
1025 2126 1122 2158 quam
1147 2119 1274 2151 intrant

1009 2166 1193 2207 linquentes
1217 2167 1356 2208 lubrica,

934 2215 993 2248 Me
1016 2224 1077 2256 per
1102 2215 1222 2249 lineam
1248 2217 1456 2250 rectitudinis

929 2263 1163 2296 Errabundum
1176 2266 1303 2305 perduc
1314 2265 1357 2298 ad
1368 2267 1505 2303 caelica.

862 2332 919 2367 58.
934 2333 1016 2376 Ave,
1044 2332 1147 2373 virgo,
1173 2331 1234 2366 flos
1257 2334 1474 2378 admirabilis,

935 2381 1034 2415 Cuius
1060 2380 1167 2414 factus
1185 2391 1258 2415 sum
1274 2384 1503 2431 odorisequus,

933 2429 1003 2462 Fac
1028 2439 1177 2464 sermone
1202 2434 1239 2463 ut
1264 2434 1324 2466 sim
1351 2433 1494 2469 affabilis

934 2479 973 2512 In
999 2479 1118 2512 affectu
1145 2481 1218 2522 pius
1248 2485 1279 2515 et
1303 2483 1467 2524 placidus.

1500 2463 1507 2479 2
