1650 2671
144 207 202 240 58.

145 626 201 659 59.

152 1049 207 1081 60.

146 1469 202 1503 61.

147 2316 202 2349 63.

677 105 916 141 ——76-

230 206 312 247 Ave,
339 204 572 246 quadrifarium

280 254 397 289 Orbem
425 254 480 296 qui
503 256 656 295 potenter

227 304 336 347 Regis,
361 303 558 336 adiutorium

278 353 345 394 Ipsi
375 352 455 385 dans
481 353 632 391 libenter,

229 402 361 435 Peccati
386 400 584 442 plantarium

278 448 419 484 Auferas
445 450 621 482 clementer

229 501 302 533 Hoc
327 499 551 532 salutatorium

282 548 502 589 Pangentibus
528 548 717 589 gaudenter.

228 628 311 670 Ave,
339 627 429 659 cuius
457 627 560 659 deitas

281 676 385 709 Carne
410 676 550 716 palliata⁴

228 725 377 758 Hominis
404 725 551 758 miserias

277 774 380 807 Tollit
405 776 437 806 et
465 778 583 816 errata,

227 823 326 857 Unde
353 823 412 855 tibi
439 822 561 864 gratias

277 871 433 905 Reddens
458 871 552 913 plebs
579 874 693 904 renata

229 921 355 954 Psallat
379 921 493 953 laudes
521 919 648 952 debitas

276 970 388 1002 Mente
414 968 635 1010 tranquillata,

234 1050 317 1089 Ave,
344 1045 414 1088 θος,
443 1048 497 1088 qui
524 1046 613 1079 vario

277 1094 396 1129 Reficis
422 1096 532 1136 odore,

230 1146 292 1188 En,
318 1145 464 1186 peccatis
492 1144 578 1177 cario

275 1193 418 1235 Repleor
444 1192 581 1233 foetore,

230 1244 432 1278 Clamantem
456 1242 606 1283 precario

277 1292 383 1325 Multo
411 1300 482 1324 cum
508 1290 628 1324 rubore

226 1342 283 1374 Me
308 1351 328 1374 a
352 1339 531 1373 multifario

281 1389 404 1423 Releva
427 1390 596 1432 languore.

231 1470 312 1510 Ave:
340 1477 397 1500 rex
424 1466 595 1509 magnifice

278 1517 522 1558 Univelsitatis,

229 1567 301 1600 lllis
328 1575 420 1607 quem
444 1565 631 1607 hymnidice

278 1616 392 1650 Laudo
419 1614 630 1657 praedicatis,

232 1666 405 1699 Hominem
431 1662 580 1697 interfice

275 1714 372 1747 Meae
398 1713 569 1746 vetustatis

229 1764 439 1804 Fortiterque
464 1762 575 1795 subice

281 1812 361 1853 Legi
386 1812 545 1845 veritatis.

196 1918 203 1926 .
229 1893 312 1937 Ave,
340 1891 565 1924 suavissimum

277 1940 415 1974 Animae
441 1942 615 1983 nutrimen,

234 1989 325 2022 Dans
354 1990 619 2022 delicatissimum

279 2039 413 2072 Gratiae
437 2039 582 2075 linimen,

230 2089 353 2122 Contra
377 2088 503 2121 hostem
528 2088 703 2127 pessimum

276 2137 361 2170 Mihi
386 2138 431 2169 sis
457 2136 630 2175 munimen,

229 2186 308 2220 Cum
336 2186 381 2217 cis
405 2186 495 2218 vitae
519 2187 694 2218 terminum

279 2235 393 2269 Carnis
419 2235 563 2276 linquam
589 2235 697 2267 limen.

231 2315 314 2360 Ave,
342 2323 497 2346 summum
526 2313 678 2354 gaudium

279 2363 375 2398 Omni
398 2363 431 2396 in
459 2366 585 2406 eventu,

229 2414 307 2447 Tuis
335 2413 392 2446 das
418 2413 573 2446 solacium

276 2464 346 2497 Tuo
373 2463 407 2495 iu
434 2463 588 2504 adventu,

846 433 902 466 64.

929 205 1048 238 Matris
1075 213 1135 247 per
1159 204 1346 246 suffragium

979 256 1088 296 Atque
1112 254 1300 287 interventu

930 303 999 336 Nos
1024 313 1044 336 a
1068 303 1312 344 malignantium

981 353 1117 395 Protege
1143 356 1313 386 conventu.

931 432 1011 471 Ave,
1040 432 1254 465 cathaxeseon

977 480 1103 512 Auctor
1130 480 1323 518 divinarum,

930 528 1007 568 Quis
1034 529 1191 561 virtutum
1217 529 1360 561 tothicon

978 580 1087 618 Atque
1114 580 1296 609 ceterarum

930 627 1097 659 Reserasti
1114 625 1281 667 krypliion

978 675 1128 708 Laudum
1154 678 1361 707 aeternarum

927 724 985 757 Me
1012 728 1176 757 cantorem
1202 724 1235 756 in
1264 724 1341 757 Sion

975 774 1090 807 Facito
1117 776 1255 806 tuarum.

893 879 900 886 .
928 852 1009 896 Ave,
1039 853 1127 885 cuius
1154 852 1259 892 gloria

979 901 1075 934 Volat
1100 901 1271 944 triviatim,

928 950 1025 984 Unde
1052 953 1084 982 et
1109 950 1285 990 praeconia

976 999 1048 1032 Tua
1072 999 1217 1031 seriatim

928 1047 1035 1081 Conor
1062 1047 1164 1080 fretus
1191 1048 1297 1089 gratia

975 1096 1095 1129 Dicere
1122 1095 1255 1140 affatim,

927 1144 974 1178 Ut
1000 1154 1052 1177 me
1078 1145 1120 1179 ad
1148 1146 1301 1178 caelestia

976 1194 1146 1227 Provehas
1173 1194 1309 1231 citatim,

830 1275 886 1307 66.
914 1273 996 1315 Ave,
1022 1274 1077 1306 via
1102 1273 1202 1315 regia,

845 1698 900 1730 67.

844 2121 900 2154 68.

976 1322 1114 1355 Gentem
1139 1323 1347 1364 peregrinam

925 1370 1056 1404 Ducens
1082 1371 1124 1405 ad
1152 1372 1307 1405 caelestia

976 1420 1095 1453 Lucem
1122 1429 1182 1460 per
1211 1421 1365 1462 divinam,

927 1468 1112 1502 Tendentes
1137 1479 1199 1510 per
1225 1470 1320 1503 devia

975 1518 1097 1551 Mentis
1124 1519 1165 1552 ad
1194 1519 1318 1552 ruinam

927 1567 1042 1600 Reduc
1067 1572 1123 1601 tua
1147 1569 1253 1608 gratia

979 1616 1099 1649 Pellem
1126 1617 1159 1649 in
1188 1618 1326 1651 ovinam.

927 1696 1009 1735 Ave,
1037 1697 1081 1728 mi
1107 1696 1267 1736 amabilis,

979 1745 1079 1784 Quem
1107 1746 1292 1786 evangelizo

928 1794 1006 1827 Istis
1030 1795 1063 1826 in
1090 1794 1247 1827 litterulis

977 1844 1087 1884 Atque
1112 1844 1317 1888 praecorum,

929 1891 991 1931 Da,
1018 1896 1053 1924 ut
1079 1892 1281 1926 invincibilis

979 1942 1073 1974 Hosti
1099 1942 1158 1974 sim
1185 1942 1291 1975 inviso

930 1991 1014 2024 Olim
1041 2001 1060 2023 a
1088 1991 1250 2024 caelicolis

978 2040 1132 2073 Graviter
1158 2041 1247 2074 eliso.

932 2120 1012 2157 Ave,
1040 2122 1073 2151 tc
1100 2119 1322 2160 quaerentium

979 2168 1051 2209 Via,
1077 2168 1144 2207 lux,
1172 2168 1316 2213 lucerna,

931 2216 996 2249 Sed
1023 2216 1256 2249 invenientium

978 2265 1072 2298 Salus
1098 2266 1308 2309 sempiterna,

931 2314 998 2347 Nos
1026 2323 1172 2355 expurga
1197 2316 1356 2348 mentium

979 2363 1070 2396 Labe
1096 2375 1116 2396 a
1141 2367 1289 2407 veterna,

933 2413 1137 2454 Praeparans
1163 2413 1211 2446 sic
1236 2414 1409 2447 transitum

981 2462 1084 2495 Nobis
1110 2462 1153 2496 ad
1177 2472 1330 2505 superna.
