1650 2671
206 210 262 242 20.

206 634 262 667 21.

200 1059 259 1091 22.

202 1480 258 1514 23.

195 1907 252 1941 24.

192 2336 252 2371 25.

291 210 429 243 Occulta
455 210 609 245 divinitas

340 259 482 292 Nostrae
507 262 641 301 rationi,

287 308 440 349 Quamvis
468 313 501 341 te
526 312 656 352 aperias

336 358 622 402 Contemplationi‚

287 406 423 450 Quaeso,
451 417 503 440 me
528 409 671 442 subicias

335 456 427 489 Tuae
455 457 582 499 ditioni,

286 505 341 538 Ad
367 514 490 547 poenas
517 509 680 541 tartareas

336 554 388 588 Ne
414 563 512 597 cogar
538 557 668 598 exponi.

291 634 316 668 Ο
342 635 426 667 mira
452 635 626 669 clementia

339 684 453 717 Nostri
479 685 666 728 salvatoris,

287 733 480 767 Excolenda
505 734 604 768 latria

312 783 438 816 -Nobis
466 784 589 817 cunctis
616 785 717 826 horis,

288 831 350 871 Qui
375 832 481 865 crucis
508 833 674 874 supplicia

333 881 465 915 Affectu
490 884 610 916 amoris

286 930 377 963 Tulit
402 934 539 973 propter
563 933 646 966 vitia

336 981 420 1014 Vilis
445 982 641 1021 peccatoris,

286 1059 311 1092 O
337 1057 570 1093 inenarrabilis

336 1108 426 1142 Fons
455 1109 656 1149 deliciarum,

293 1156 467 1191 Praestans
493 1159 558 1191 tuis
585 1158 717 1192 famulis

335 1205 431 1240 Dona
454 1208 643 1250 gratiarum,

288 1255 386 1288 Meae
411 1256 528 1289 mentis
555 1259 658 1291 oculis

338 1305 469 1338 Iustiila
494 1307 545 1338 vel
571 1316 698 1348 parum,

288 1353 335 1387 Ut
359 1354 480 1394 possim
507 1364 528 1387 a
554 1355 692 1388 vinculis

333 1402 474 1435 Absolvi
500 1405 679 1446 culparum.

286 1481 459 1515 Fundator
484 1482 643 1517 mirificae

334 1530 579 1573 Universitatis‚

284 1579 385 1620 Quam
413 1590 510 1614 ornas
536 1582 674 1615 mirifice

333 1629 461 1663 Natura
487 1640 526 1663 ac
553 1632 648 1676 datis,

286 1678 356 1719 Qua
382 1683 531 1721 praestat
556 1681 723 1723 angelicae

332 1728 446 1762 Virtus
474 1730 644 1773 claritatis,

282 1778 330 1810 Te
355 1779 494 1812 laudans
520 1781 693 1821 magnifice

329 1827 469 1861 Fontem
496 1828 664 1863 bonitatis.

281 1908 306 1942 Ο
333 1917 460 1941 summa
485 1910 631 1943 suavitas

330 1958 451 1992 Dulcia
475 1958 633 2002 irrorans,

280 2007 370 2048 Quae
396 2005 500 2041 infert
525 2009 720 2050 adversitas,

328 2057 467 2091 Devotis
495 2057 670 2092 dulcorans

281 2106 426 2141 Auferas
453 2109 616 2141 versutias

326 2157 453 2197 Hostis,
477 2167 556 2199 rogo
582 2159 728 2202 plorans,

278 2206 468 2249 Culpasque
492 2209 703 2248 praeteritas,

328 2257 409 2290 Feci
435 2266 516 2298 quas
541 2257 708 2299 ignorans

281 2336 395 2369 Virtus
420 2335 608 2379 ineffabilis,

327 2384 485 2420 Omnibus
509 2387 633 2430 ignota,

274 2436 400 2469 Tamen
427 2437 691 2477 contemplabilis

324 2486 448 2519 Anima
475 2486 604 2529 devota,

751 113 993 150 -41-

912 441 968 476 26.

911 863 967 896 27.

911 1286 969 1321 28.

904 1712 961 1745 29.

902 2137 960 2172 30.

999 215 1077 248 Mea
1102 215 1147 247 sit
1170 225 1192 248 a
1216 215 1352 249 maculis

1049 264 1173 307 Culpae
1198 274 1259 306 per
1283 269 1317 298 te
1342 265 1410 298 lota

998 314 1045 347 Et
1070 324 1089 347 a
1116 315 1240 347 cunctis
1267 314 1432 347 scandalis

1046 363 1180 397 Penitus
1204 369 1340 398 remota.

996 441 1121 475 Lumen
1147 442 1313 476 invisibile

1046 493 1127 525 Visu
1154 493 1328 536 corporali,

995 541 1118 573 Tamen
1145 541 1331 582 attingibile

1044 590 1276 632 intellectuali,

998 637 1061 671 Gor
1087 638 1307 672 abominabile

1044 687 1156 720 Meum
1181 697 1262 728 prae
1286 689 1417 721 mortali

997 735 1102 777 Culpa
1129 735 1183 768 fac
1208 737 1354 778 aptabile

1043 785 1109 819 Pro
1136 786 1204 818 vita
1229 787 1338 828 legali.

995 863 1085 896 Deus
1111 863 1335 905 impalpabilis

1044 913 1149 947 Tactu
1173 914 1318 946 manuali

995 962 1111 1004 Neque
1134 961 1318 1004 figurabilis

1044 1013 1212 1052 Conceptu
1235 1011 1380 1052 mentali,

996 1061 1098 1095 Oculo
1122 1060 1264 1093 visibilis

1045 1110 1277 1153 Intellectuafi,

996 1160 1163 1201 Coniunge
1188 1169 1247 1192 nos
1274 1159 1399 1202 angelis

1043 1209 1081 1241 In
1110 1209 1164 1241 die
1189 1208 1291 1245 finali.

995 1287 1154 1329 Trinitas,
1180 1288 1381 1330 principium

1045 1337 1156 1371 Omnis
1182 1336 1387 1371 hierarchiae

991 1384 1211 1427 Supernorum
1240 1387 1357 1421 civium

1041 1435 1111 1469 Nec
1135 1445 1201 1469 non
1227 1437 1321 1469 huius
1350 1437 1427 1478 viae,

989 1483 1061 1517 Duc
1087 1494 1146 1518 nos
1172 1495 1233 1526 per
1258 1485 1447 1527 suffragium

1038 1534 1164 1567 Beatae
1188 1535 1318 1569 Mariae

990 1583 1096 1617 Tuum
1122 1584 1165 1617 ad
1193 1586 1391 1618 consortium

1038 1633 1077 1666 In
1105 1637 1251 1667 extremo
1277 1635 1341 1667 die.

989 1713 1104 1746 Virtus
1131 1713 1323 1754 potentifica

1040 1763 1164 1796 Summi
1192 1764 1360 1804 creatoris,

992 1812 1094 1852 Quam
1123 1813 1313 1846 collaudant
1340 1813 1467 1845 cantica

1039 1862 1079 1894 In
1106 1862 1269 1894 caelorum
1296 1861 1387 1903 foris,

989 1909 1137 1951 Hymnos
1163 1911 1222 1943 hos
1248 1911 1377 1944 ratifica

1036 1960 1100 1993 Tui
1125 1960 1306 1994 laudatoris

987 2008 1165 2051 Ipsumque
1189 2009 1337 2044 salvifica

1041 2059 1081 2092 In
1104 2060 1258 2092 extremis
1283 2060 1385 2094 horis,

988 2138 1013 2172 O
1040 2139 1158 2172 miram
1186 2139 1390 2173 dulcedinem

1038 2188 1189 2222 Summae
1214 2190 1382 2234 bonitatiS,

992 2237 1090 2271 Suam
1118 2238 1161 2271 ad
1184 2239 1359 2281 imaginem

1036 2287 1106 2321 Nos
1128 2286 1301 2322 formantis
1328 2290 1441 2332 gratis,

988 2337 1062 2370 Duc
1086 2346 1146 2371 nos
1173 2338 1216 2371 ad
1241 2339 1430 2382 indaginem

1037 2387 1129 2420 Tuae
1155 2388 1316 2432 veritatis,

986 2437 1042 2469 Ad
1070 2436 1249 2471 videndum
1274 2437 1393 2471 faciem

1036 2486 1130 2519 Tuae
1157 2488 1350 2521 maiestatis.
