1650 2671
193 217 251 251 37.
279 218 362 261 Ave,
390 217 506 253 hortus
531 218 668 261 gratiae,

328 266 453 301 Hortus
481 267 671 310 voluptatis,

282 316 452 350 Plantatus
478 318 646 358 potentiae

329 365 432 399 Manu
459 366 603 408 deitatis,

278 414 426 448 Murram
453 414 675 457 paenitentiae

324 464 421 497 Dona
446 465 525 498 mihi
552 466 665 507 gratis,

274 512 326 546 Ne
353 512 490 548 damner
515 514 660 548 iustitiae

323 563 412 604 Lege
439 572 500 605 pro
526 563 683 604 pecca-tis.

192 641 249 674 38.
277 641 360 681 Ave,
391 641 502 685 decus,
531 642 703 687 virginum,

326 691 351 724 O
379 694 484 724 mater
509 691 628 734 Maria,

278 739 457 780 Expiatrix
484 740 666 781 eriminum,

323 787 586 829 Naufragantum
614 790 676 829 via¹

278 837 375 871 Circa
401 838 491 871 vitae
518 838 690 871 terminum

322 886 417 919 Assis
443 886 534 931 mihi,
562 886 629 929 pia,

274 934 466 968 Defendens
492 945 512 967 a
540 934 733 969 daemonum

321 984 427 1024 Turpi
454 984 639 1025 phantasia.

192 1063 249 1103 39,
278 1061 363 1103 Ave,
389 1071 484 1103 quam
511 1061 666 1095 Ezechiel

325 1110 466 1153 Scriptis
493 1111 653 1144 revelavit:

277 1160 421 1201 Portam,
449 1169 544 1202 quam
571 1160 765 1193 Emmanuel

325 1208 421 1242 Solus
447 1209 657 1252 subintravit,

277 1257 422 1299 Angelus
449 1267 544 1300 quem
572 1258 709 1292 Gabriel

327 1306 402 1339 Tibi
429 1307 603 1348 nuntiavit,

275 1356 441 1398 Tempore
466 1365 560 1397 quem
589 1357 693 1389 Israel

326 1405 438 1447 Longo
465 1406 660 1447 expectavit.

190 1485 247 1519 40.
273 1484 356 1528 Ave,
383 1493 511 1526 gemma
536 1484 655 1517 nobilis

323 1533 458 1567 Ardens
487 1536 522 1566 ut,
549 1533 697 1574 candela,

274 1584 364 1624 Quae
389 1583 463 1623 plus
492 1583 616 1616 cunctis
642 1583 812 1625 gemmulis

321 1632 421 1666 Vales
445 1632 480 1665 in
504 1632 643 1676 medela,

272 1681 392 1715 Mortis
418 1681 453 1714 in
478 1682 635 1723 periculis

321 1731 371 1764 Te
394 1730 490 1764 nobis
516 1732 627 1764 revela

271 1781 386 1814 Hostis
411 1779 587 1814 invisibilis

321 1829 497 1870 Abigendo
525 1831 601 1863 tela.

174 1908 234 1943 41.
261 1910 344 1949 Ave,
372 1909 474 1950 stirps
499 1908 662 1942 Dawdiea

325 1958 395 1999 Qua
420 1957 481 1991 flos
508 1957 615 1992 Isaiae

275 2007 390 2042 Crevit.
412 2008 445 2041 vi
472 2007 591 2040 deifica

321 2058 361 2091 In
389 2066 488 2090 carne
513 2056 668 2099 Messian,

272 2107 342 2148 Ipsi
368 2115 420 2139 me
447 2105 571 2140 unifica

323 2156 426 2190 Modo
453 2156 568 2189 matris
595 2156 681 2198 piae,

273 2207 321 2242 Ut
348 2207 450 2240 ducar
475 2205 518 2238 ad
546 2205 672 2238 caelica

320 2256 358 2290 In
388 2258 535 2289 extremo
564 2254 627 2289 die.

183 2339 242 2372 42.
272 2338 356 2378 Ave,
385 2336 436 2369 cui
465 2335 611 2369 carmina

321 2388 477 2428 Pangunt
503 2394 615 2419 omnes
641 2387 753 2419 sectae

271 2437 339 2470 Per
364 2435 522 2478 baptismi
547 2435 682 2469 flumina

323 2485 474 2519 Gratiam
501 2485 653 2527 adeptae,

985 220 1121 256 Pietatis
1146 221 1270 254 lumina

1035 271 1141 312 Super
1167 279 1225 304 nos
1253 269 1385 303 reflecte

983 320 1029 353 Et
1053 321 1096 353 ad
1123 319 1206 352 caeli
1233 319 1375 353 eulmina

1033 369 1201 402 Perdueas
1229 369 1364 404 directe,

900 449 957 482 423.
984 449 1068 486 Ave,
1094 448 1185 481 lesse
1210 447 1348 491 virgula,

1032 498 1133 538 Quam
1160 496 1415 537 praecinuerunt

989 545 1174 580 Priscorum
1201 545 1343 586 oracula,

1035 594 1097 635 Qui
1124 594 1165 627 de
1191 596 1224 626 te
1249 594 1451 635 scripserunt

986 645 1073 676 Ante
1099 643 1202 677 multa
1227 643 1358 676 saecula

1032 692 1143 734 Teque
1168 692 1398 731 laudaverunt,

982 739 1089 774 Aufer
1114 740 1227 773 mundi
1254 739 1421 779 scandala,

1031 790 1119 830 Quae
1145 789 1364 822 invaluerunt.

896 869 953 903 412.
981 869 1064 908 Ave,
1093 866 1193 909 virgo,
1222 866 1431 907 splendidum

1031 916 1204 956 Templum
1231 923 1329 948 verae
1353 918 1434 956 paci:

980 965 1033 999 Ab
1061 964 1164 998 hostis
1191 963 1394 1005 intrepidum

1029 1014 1163 1047 Fraude
1189 1015 1279 1046 stans
1306 1013 1434 1046 minaeis

982 1063 1114 1096 Amoris
1142 1072 1193 1095 me
1218 1062 1361 1096 calidum

1028 1112 1099 1145 Fae
1124 1111 1199 1154 igne
1225 1110 1369 1144 fornacis

983 1161 1162 1203 Gratiaque
1188 1161 1355 1194 humidum

1035 1211 1150 1244 Olivae
1174 1209 1303 1243 feracis.

900 1291 953 1323 45.
978 1291 1061 1332 Ave,
1089 1289 1193 1330 virgo,
1223 1290 1344 1329 civitas,

1031 1338 1133 1378 Quam
1159 1337 1378 1371 sanctificavit

982 1387 1190 1428 Sempilerna
1217 1387 1345 1419 trmitas

1029 1436 1075 1469 Et,
1098 1435 1306 1476 inhabitavit,

982 1485 1170 1520 Pueumatis
1196 1484 1381 1527 benignitas

1029 1535 1106 1567 Tibi
1131 1533 1353 1575 obumbravit,

980 1583 1059 1617 Filii
1086 1583 1271 1617 humanitas

1027 1633 1075 1666 Te
1101 1633 1309 1676 glorificavit.

901 1716 950 1749 16.
976 1714 1059 1752 Ave,
1088 1714 1181 1755 virga
1204 1722 1304 1747 aurea

1029 1761 1194 1804 Principis
1220 1765 1368 1803 Assueri,

978 1811 1171 1846 Holofernis
1198 1810 1325 1844 framea

1030 1861 1142 1894 Iudith
1170 1871 1204 1894 es
1231 1860 1348 1905 severi,

984 1912 1009 1945 Ο
1038 1913 1143 1944 mater
1169 1910 1324 1949 eburnea,

1032 1959 1154 1993 Christi
1182 1959 1267 2001 regis
1294 1959 1374 2003 veri,

981 2008 1117 2043 Ordinis
1143 2018 1282 2042 erronea

1028 2058 1136 2092 Aufer
1163 2061 1281 2092 cuncta
1308 2059 1397 2094 cleri.

895 2139 953 2171 47.
980 2138 1063 2181 Avo,
1094 2147 1209 2171 carens
1235 2138 1384 2172 omnibus

1031 2187 1245 2221 Peeeatorum
1271 2188 1396 2232 naevis,

983 2236 1053 2276 Qua
1077 2236 1111 2269 in
1137 2237 1329 2271 mulieribus

1031 2285 1106 2319 Non
1132 2289 1182 2318 est
1209 2288 1314 2321 maior
1339 2288 1486 2334 quaevis,

981 2334 1114 2369 Adiuva
1139 2345 1191 2369 me
1216 2336 1381 2382 precibus,

1029 2385 1092 2426 Qui
1117 2394 1189 2419 sum
1215 2386 1284 2421 vita
1306 2387 1427 2432 brevis,

983 2434 1029 2468 Utz
1054 2434 1099 2467 sit
1124 2434 1158 2468 in
1185 2436 1390 2470 maeroribus

1032 2483 1144 2518 Labor
1169 2495 1260 2519 meus
1287 2485 1382 2522 leviS.
