1650 2671
766 151 807 155 —
865 131 933 168 155

221 228 397 274 121.Ave,
425 229 527 274 virgo,

395 278 507 312 Iudith
533 279 765 320 pulcherrima,

320 326 531 361 Holofernem
541 328 655 362 ducem
664 328 866 371 decapitans,

319 377 442 410 Mentis
460 386 561 422 meae,
579 387 708 422 quaeso,
727 376 865 410 finitima

320 425 371 459 Sis
397 436 458 467 per
485 427 656 460 caritatem
673 425 863 468 pacificans

221 501 302 533 122.
318 500 399 540 Ave,
420 501 521 544 virgo,
539 502 703 534 caelorum
721 501 864 543 domina,

319 549 572 583 Commendatus

391 608 462 631 sum
490 600 579 632 cuius
604 598 764 642 manibus,

317 648 561 682 Mundanorum
577 658 630 681 me
647 648 865 682 oblectamina

318 696 480 731 Refutare
504 696 558 730 fac
583 698 661 731 totis
686 697 823 730 nisibus,

224 770 305 804 123.
322 772 402 813 Ave,
431 771 509 804 Sion
536 780 679 813 superna
703 768 783 811 filia,

318 820 407 860 Quae
424 820 546 852 trivisti
559 819 688 860 peccati
698 818 861 859 laqueum,

317 868 438 901 Contra
464 869 529 900 tela
556 868 659 901 hostis
685 866 820 900 subtilia

314 917 404 950 Tuae
430 926 515 958 pone
542 917 674 950 virtutis
702 916 854 956 clipeum.

220 989 300 1024 124.
318 992 400 1031 Ave,
429 991 499 1024 veri
525 991 604 1023 solis
623 989 860 1026 umbraculum,

318 1039 414 1072 Nube
440 1040 549 1073 celans
576 1040 661 1072 hunc
686 1039 734 1071 tui
758 1038 855 1079 uteri,

317 1089 428 1122 Iustae
445 1089 532 1122 vitae
545 1089 633 1130 pelle
646 1088 859 1125 obstaculum,

316 1137 367 1170 Ne
374 1138 408 1170 in
418 1137 553 1171 fundum
562 1135 860 1180 mergamurinferi.

222 1211 304 1246 125.
320 1213 402 1256 Ave,
432 1213 522 1245 cuius
550 1212 673 1246 ventris
700 1211 801 1244 editio

319 1261 533 1294 Consolamen

394 1311 547 1352 praebuit
571 1310 744 1353 mentibus,

316 1360 387 1392 Tua
413 1359 492 1392 felix
519 1359 737 1401 magnificatio

317 1408 386 1441 Nos
412 1410 446 1442 in
474 1410 564 1442 eaelo

387 1459 501 1500 iungat
525 1456 752 1501 gaudentibus.

215 1531 298 1565 126.
313 1532 396 1574 Ave,
407 1532 470 1574 via,
481 1541 541 1574 per
551 1542 644 1574 quam
658 1531 859 1574 appropians

314 1581 492 1614 Samarites
519 1585 688 1624 aegrotum
715 1580 831 1623 reficit,

309 1630 456 1663 Mentem
483 1640 586 1664 meam

388 1681 432 1713 sis
459 1679 685 1722 reaedificans,

312 1729 342 1762 A
370 1730 502 1763 virtutis
529 1740 613 1772 quae
632 1731 715 1764 bono
736 1728 846 1763 deficit

217 1803 297 1837 127.
314 1805 397 1846 Ave,
416 1804 513 1837 radix
527 1805 639 1846 virgae
653 1803 856 1846 fructiferae,

312 1853 521 1886 Effundentis
547 1854 656 1888 vinum
684 1854 840 1896 laetitiae,

313 1903 369 1935 Me
389 1903 533 1944 digneris
551 1913 637 1936 nunc
650 1903 857 1944 benedicere,

314 1952 375 1992 Qui
396 1952 550 1985 devastor
570 1952 677 1986 bellva
691 1953 856 1988 tristitiae.

214 2026 294 2061 128.
311 2026 394 2068 Ave,
418 2027 523 2059 tellus
552 2027 662 2060 divino
689 2027 858 2060 madidum

310 2076 409 2121 Rore,
428 2076 509 2109 dans
521 2078 679 2119 pugnanti
688 2077 856 2116 solacium,

311 2126 449 2160 Servum
458 2130 544 2159 tuum
552 2125 696 2160 informa
702 2126 857 2159 stolidum

311 2175 557 2217 Scripturarum
584 2176 819 2217 intellegentia.

215 2250 296 2286 129.
312 2251 394 2295 Ave,
423 2251 528 2293 virgo,
558 2252 648 2284 cuius
677 2251 827 2285 custodia

311 2300 449 2342 Semper
474 2304 607 2342 praesto

379 2354 430 2383 est
455 2353 488 2384 te
514 2351 710 2394 amantibus,

306 2399 358 2433 Da
387 2399 552 2434 defunctis
579 2402 688 2443 precis
717 2401 841 2435 auxilia

305 2448 357 2482 De
382 2449 557 2491 profundis

381 2500 422 2533 ad
451 2503 483 2532 te
508 2501 734 2537 clamantibus.

929 231 1010 266 130.
1026 233 1108 273 Ave,
1138 229 1238 272 virgo,
1269 228 1357 261 cuius
1383 227 1554 260 humilitas

1026 278 1269 314 Exaltationem
1294 276 1487 319 promeruit,

1026 329 1223 371 Subiugetur
1240 335 1300 367 per
1317 328 1351 358 te
1368 325 1568 367 protervitas

1025 378 1103 411 Mea
1119 376 1183 418 legi
1200 376 1272 417 Dei,
1292 384 1388 417 quam
1406 374 1567 416 praebuit.

927 466 1008 501 131.
1022 468 1106 508 Ave,
1136 466 1225 498 cuius
1243 474 1303 505 per
1320 463 1463 497 fructum
1480 463 1566 496 uteri

1023 516 1264 549 Restaurantur
1279 514 1375 546 sedes
1390 512 1567 554 angelicae,

1023 565 1110 605 Meo,
1128 572 1257 605 precor,
1275 563 1410 595 medere
1429 561 1565 601 vulneri,

1024 613 1114 655 Quod
1141 612 1181 646 ab
1207 612 1302 644 Adae

1072 661 1219 695 contraxi
1245 661 1392 694 traduce.

925 752 1005 785 132.
1022 750 1104 792 Ave,
1132 748 1319 789 reparatrix
1347 748 1545 781 concordiae

1024 798 1115 832 Inter
1140 797 1257 841 Deum,

1094 846 1251 880 mundum
1280 849 1313 878 et
1338 847 1482 890 angelos,

1022 895 1251 930 Commendati
1276 897 1352 928 tuae
1378 896 1547 929 custodiae

1020 946 1090 978 Tuo
1117 953 1203 985 unge
1229 948 1393 986 unguento
1420 945 1541 978 oculos.

923 1035 991 1069 133
1019 1035 1101 1079 Ave,
1129 1033 1231 1077 virgo,

1094 1093 1155 1125 per
1180 1092 1276 1124 quam
1303 1083 1525 1124 credentibus,

1020 1134 1179 1174 Aperitur
1208 1132 1369 1165 caelorum
1397 1133 1527 1173 atrium,

1022 1182 1168 1215 Benedic
1194 1185 1227 1213 te
1253 1181 1535 1225 benedicentibus,

1019 1232 1072 1264 Ab
1084 1233 1217 1264 incursu
1224 1230 1406 1264 defendens
1414 1231 1567 1267 hostium,

924 1316 1003 1350 134.
1017 1316 1101 1358 Ave,
1126 1315 1239 1357 nubes,

1093 1376 1157 1408 qua
1184 1364 1333 1398 Christus
1360 1365 1520 1398 Dominus

1017 1415 1080 1448 Est
1104 1416 1136 1447 in
1169 1423 1271 1456 regna
1293 1416 1379 1447 latus
1404 1415 1569 1456 Canopica

1017 1464 1145 1497 Luxum
1174 1464 1281 1496 carnis
1308 1464 1402 1497 abice
1429 1465 1564 1509 eminus,

1017 1515 1085 1555 Quo
1114 1512 1275 1546 defendar
1304 1513 1334 1546 vi
1364 1514 1540 1547 diabolica.

920 1599 1001 1631 135.
1017 1598 1099 1642 Ave,
1121 1599 1223 1641 virgo,
1241 1606 1325 1639 quae
1339 1598 1409 1631 sole
1426 1599 1566 1641 cingeris

1020 1647 1250 1688 Calcearisque
1277 1648 1355 1680 luna
1380 1648 1517 1690 pallida,

1019 1696 1126 1729 Vitam
1154 1705 1257 1729 meam
1284 1697 1418 1738 periclis
1438 1698 1565 1739 asperis

1018 1745 1246 1779 Subiacentem
1260 1747 1373 1780 levans
1385 1748 1564 1782 consolida.

922 1831 1000 1864 136.
1015 1831 1098 1874 Ave,
1126 1832 1229 1872 virgo,
1257 1831 1350 1863 cuius
1377 1840 1437 1873 per
1463 1831 1567 1865 filium

1017 1880 1080 1913 Est
1103 1879 1251 1913 devictus
1269 1889 1331 1913 rex
1351 1880 1564 1923 Babyloniae,

1016 1930 1123 1962 Huius
1133 1929 1245 1962 mundi
1257 1939 1309 1962 me
1327 1933 1403 1971 post
1417 1931 1568 1964 exsilium

1017 1978 1096 2012 Sedi
1119 1979 1224 2012 redde
1252 1979 1405 2013 caelestis
1436 1981 1556 2016 curiae.

920 2063 1000 2099 137.
1016 2064 1414 2106 Ave‚quamhierarch'1ae
1427 2066 1570 2099 caelicae

1020 2114 1266 2155 Persequuntur
1293 2114 1393 2147 laude
1411 2116 1567 2161 unanimi,

1019 2164 1066 2196 Te
1093 2164 1237 2197 colentes
1265 2163 1407 2206 benigne
1433 2166 1562 2207 respice

1017 2213 1200 2255 Dirigendo
1226 2213 1260 2246 in
1289 2213 1371 2246 viam
1403 2214 1544 2249 Domini.

922 2303 1003 2339 138.
1018 2304 1101 2346 Ave,
1129 2303 1237 2345 stella,

1093 2361 1176 2396 quae
1202 2362 1366 2395 nunquam
1393 2355 1553 2397 mergeris

1022 2402 1238 2439 Obumbraris
1262 2412 1324 2436 nec
1340 2404 1407 2437 ullo
1426 2403 1568 2448 turbine,

1024 2454 1219 2488 Habitantes
1237 2453 1271 2485 iu
1291 2453 1404 2487 mundi
1424 2453 1569 2488 tenebris

1019 2504 1071 2537 Ab
1099 2502 1223 2536 erroris
1250 2511 1354 2544 purga
1383 2503 1531 2545 ealigine.
