1651 2671
792 121 860 156 2:51
917 142 960 146 —

628 220 949 263 Quinquagena
971 223 1018 257 Π.

143 286 201 322 51.
218 286 325 332 Salve,
355 291 548 328 conceptum
572 289 780 323 salutiferum

218 336 411 371 Parturiens
428 338 551 371 mundo
569 337 788 376 fructiferum,

216 385 324 419 Aufer
339 387 448 420 dolum
464 387 568 420 hostis
581 387 789 422 mortiferum

216 435 269 468 Ac
289 435 442 469 affectum
460 437 570 469 cordis
588 437 787 472 luctiferum.

142 495 198 528 52.
215 493 323 536 Salve,
348 496 498 537 genetrix
518 495 623 528 Deum
643 498 787 538 parienS,

215 543 301 577 Solis
326 545 486 586 splendor

291 594 460 635 ecclipsim
484 594 645 638 nesciam,

216 642 283 675 Per
309 646 343 675 te
367 643 471 676 hostis
499 643 596 676 cedat
617 643 787 684 insipiens,

216 691 389 726 Devorare
414 691 530 724 fideles
558 692 703 733 cupiens.

144 751 201 784 53.
217 750 326 789 Salve,
352 760 489 784 manans

289 798 413 832 fontem
440 798 640 842 mellifluum,

216 847 374 880 Fructum
400 856 529 888 quoque

290 896 378 929 vitae
403 898 609 936 perpetuum,

219 944 435 978 Consolamen
461 943 586 985 praebe
611 943 780 976 assiduum

215 995 267 1027 Ac
295 993 426 1036 depelle
447 993 576 1026 hostem
593 991 786 1024 luctifluum.

145 1055 203 1088 54.
220 1052 328 1097 Salve,
346 1055 461 1092 mater,
482 1052 595 1093 regina
613 1052 787 1093 virginum,

215 1103 471 1143 Redemptorem

288 1160 449 1193 generans
475 1149 651 1190 hominum,

210 1201 361 1234 Fraudes
386 1199 443 1241 pia

288 1249 467 1291 comprime
496 1249 700 1292 daemonum,

216 1299 319 1333 Dolos
346 1307 474 1341 quoque

290 1349 435 1381 virorum
462 1347 666 1388 sanguinum,

143 1409 197 1442 55.
216 1407 324 1450 Salve,
351 1408 454 1448 virgo,
474 1409 581 1439 mater
598 1407 787 1447 viventium,

213 1457 412 1490 Miserorum
428 1465 504 1496 spes
517 1456 785 1499 delinquentium,

216 1506 409 1539 Relevatrix
434 1505 479 1537 sis
506 1505 712 1546 pereuntium

216 1555 480 1595 Cunctorumque

287 1605 388 1638 corde
413 1604 621 1645 gementium.

141 1666 198 1699 56.
216 1665 325 1708 Salve,
355 1664 457 1704 virgo,

290 1723 373 1755 quae
399 1712 566 1753 quondam
590 1710 722 1744 fletibus

216 1763 372 1805 Fatigata
398 1765 498 1803 atque
520 1761 706 1803 gemitibus,

214 1812 410 1845 Iucundaris
434 1811 571 1843 nuncin
592 1810 788 1843 caelestibus

216 1861 332 1894 Dulcis
349 1860 420 1894 nati
437 1858 551 1892 fruens
569 1859 787 1900 amplexibus

143 1922 199 1955 57.
218 1920 326 1960 Salve,
356 1919 529 1961 Engadina
559 1917 715 1951 fertilitas

217 1970 291 2003 Nec
304 1979 370 2003 non
384 1968 552 2009 iaspidina
560 1968 789 2009 praeclarum,

216 2020 319 2061 Quam
346 2028 412 2052 non
438 2018 593 2059 aspidina
611 2017 789 2058 disparitas

216 2069 364 2102 Maculat
390 2076 452 2101 nec
476 2067 546 2100 ulla
570 2067 738 2108 iniquitas.

140 2129 197 2163 58.
213 2128 323 2169 Salve,
350 2126 501 2170 genetrix
523 2126 588 2159 Dei
613 2129 738 2170 tenera,

215 2178 421 2212 Obumbrata
447 2176 569 2209 virtute
595 2185 725 2220 supera,

212 2228 284 2261 Tuo
310 2230 391 2261 nato
411 2236 463 2258 me
480 2235 568 2259 nunc
587 2224 788 2258 confoedera

210 2278 257 2312 Et
278 2277 319 2311 ab
347 2278 443 2310 hoste
469 2276 612 2318 maligno
637 2275 753 2308 libera.

139 2340 196 2373 59.
213 2337 323 2380 Salve,
353 2337 457 2379 virgo,
485 2338 592 2369 mater
617 2333 776 2377 fidelium,

211 2389 324 2429 Atque
335 2386 428 2420 navis
437 2388 576 2427 portans
586 2384 788 2427 suffragium,

212 2437 398 2470 Tribulatis
426 2434 540 2468 confer
566 2435 748 2468 remedium

210 2489 264 2521 Ac
289 2490 443 2520 aeternae
469 2486 558 2518 vitae
583 2485 779 2518 subsidium.

850 292 905 325 60.
923 291 1031 332 Salve,
1041 292 1141 334 virgo,
1149 289 1222 323 fons
1230 292 1495 333 pulchritudinis.

921 340 1010 381 Quae
1035 340 1156 373 emittis
1182 349 1283 381 aquas
1302 340 1495 377 dulcedinis,

921 390 1039 423 Turris
1064 388 1159 423 nobis
1186 389 1231 421 sis
1257 388 1464 423 fortitudinis

921 440 1032 479 Atque
1038 438 1163 479 pultrix
1169 439 1275 470 nostri
1284 438 1492 471 discriminis.

851 502 908 536 61.
925 502 1033 542 Salve,
1060 511 1201 544 regnans
1227 511 1344 535 sereno
1370 503 1452 535 solio

922 552 963 584 In
989 554 1158 583 aeternum
1186 559 1258 582 cum
1288 551 1376 583 dulci
1402 551 1483 591 filio,

927 599 1102 632 Desolatos
1127 599 1161 630 in
1187 599 1250 631 hoc
1276 600 1391 632 exsilio

925 647 1104 681 Consolare
1128 649 1183 679 tuo
1210 648 1342 680 auxilio.

850 712 906 745 62.
923 710 1030 747 Salve,
1058 712 1163 743 mater

995 759 1127 791 Christo
1155 757 1367 796 credentium,

922 806 1005 846 Spes
1024 809 1057 837 et
1073 805 1161 837 salus
1175 805 1219 837 ad
1232 808 1266 836 te
1280 806 1490 847 currentium,

918 854 1064 895 Linguas
1074 861 1188 893 preme
1198 853 1493 893 malaloquentiuru

919 904 1032 943 Atque
1059 900 1151 934 dolos
1178 901 1292 932 averni
1321 902 1478 941 vulpium.

850 967 906 1000 63.
923 966 1032 1004 Salve,
1060 966 1152 1005 virgo
1178 964 1257 997 luna
1281 964 1434 1008 lucidior,

925 1015 1093 1048 Creaturis
1119 1013 1268 1046 omnibus
1296 1013 1429 1054 dignior.

922 1065 1029 1105 Super
1041 1071 1153 1096 omnes
1162 1066 1299 1103 aspectu
1308 1063 1489 1103 pulchrior,

921 1114 978 1146 Ad
1002 1116 1037 1146 te
1063 1114 1166 1146 clamo
1194 1112 1311 1144 ceteris
1336 1113 1483 1153 nequior.

850 1180 907 1213 64.
924 1178 1031 1220 Salve,
1059 1176 1157 1210 stella
1182 1176 1325 1208 emicans
1351 1177 1487 1218 eminuS‚

922 1227 1125 1269 Angelorum

999 1286 1096 1317 quam
1120 1277 1232 1307 movet
1258 1274 1419 1314 dominus,

924 1326 1019 1358 Vitae
1028 1333 1120 1358 meae
1130 1332 1201 1356 cum
1210 1324 1313 1356 instat
1322 1323 1491 1363 terminus,

922 1376 1005 1409 Peto
1032 1377 1066 1407 te
1091 1378 1171 1407 tunc
1196 1373 1313 1406 adesse
1332 1373 1494 1413 protinus.

852 1441 909 1474 65.
925 1439 1032 1483 Salve,
1061 1437 1151 1471 foetu
1178 1437 1313 1469 caelesti
1338 1437 1488 1478 gravida,

925 1488 1114 1522 Gratiarum
1143 1486 1302 1519 conchula
1328 1486 1452 1529 rorida,

920 1538 1046 1570 ‚Nostra
1072 1545 1153 1570 sana
1179 1544 1320 1576 corpora
1344 1535 1458 1568 tabida

920 1590 972 1620 Ac
995 1585 1136 1619 infunde
1159 1588 1296 1626 pectora
1320 1584 1426 1619 arida.

850 1653 906 1686 66.
922 1651 1030 1695 Salve,
1058 1659 1200 1692 regnans
1224 1649 1260 1681 in
1286 1649 1355 1689 poli
1382 1657 1469 1690 area,

922 1701 1066 1734 Numina
1078 1708 1174 1742 quam
1184 1698 1493 1735 laudantaetherea,

922 1750 1028 1783 Gleba
1054 1748 1117 1782 tibi
1142 1748 1308 1789 supplicat
1334 1750 1455 1787 terrea,

921 1799 968 1833 Ut
995 1799 1142 1840 depellas
1166 1797 1256 1829 bella
1282 1799 1437 1829 tartarea.

850 1865 907 1897 67.
923 1863 1031 1903 Salve,
1044 1863 1146 1904 virgo,
1158 1870 1253 1901 quam
1269 1869 1356 1893 cives
1370 1859 1493 1901 superi,

921 1910 1210 1953 Laudant,timent
1216 1910 1274 1943 sed
1283 1918 1379 1942 canes
1385 1908 1495 1947 inferi,

923 1962 992 1995 Nos
1019 1962 1170 1994 timemus
1197 1959 1237 1992 ab
1256 1959 1338 2000 ipsis
1357 1958 1494 1997 conteri,

925 2012 995 2052 Ope
1019 2010 1115 2043 nobis
1142 2018 1297 2041 succurre
1323 2009 1433 2043 celeri.

852 2076 910 2110 68.
927 2074 1034 2114 Salve,
1065 2075 1166 2114 virgo,

999 2124 1135 2166 gignens
1163 2121 1394 2155 Christiferum

922 2173 969 2207 Et
994 2174 1111 2206 salutis
1137 2175 1271 2205 nostrae
1294 2171 1479 2213 legiferum,

919 2223 1093 2257 Inimicum
1120 2222 1209 2263 pelle
1235 2220 1429 2262 pestiferum

921 2274 974 2306 Ac
990 2273 1135 2306 solamen
1149 2271 1274 2312 praebe
1287 2270 1493 2313 frugiferum.

851 2332 1031 2372 69.Salve‚
1062 2332 1166 2377 virgo,
1197 2331 1306 2372 decus,
1334 2329 1493 2369 fidelium,

924 2384 1013 2416 Vera
1038 2383 1128 2416 salus
1153 2381 1188 2414 in
1213 2383 1248 2413 te
1272 2380 1487 2423 sperantium,

924 2432 1006 2466 Esto
1032 2432 1127 2465 nobis
1154 2431 1188 2463 in
1214 2430 1415 2463 adiutorium

924 2482 1135 2516 Saeculorum
1161 2480 1195 2512 in
1220 2479 1286 2513 fine
1311 2480 1466 2513 omnium.
