1650 2671
702 120 866 158 —167
926 142 965 146 -

162 222 245 256 131.
260 221 342 263 Ave,
368 221 472 264 virgo,
498 223 592 254 terra
617 219 803 263 fructifera,

262 269 450 304 Gratiarum
475 272 573 304 nacta
598 271 804 313 temperiem,

259 320 316 354 Me
343 319 538 353 distractum

332 377 479 411 quaeque
504 378 565 411 per
591 378 710 411 aspera

257 418 314 452 Ad
338 418 515 451 mentalem

330 467 471 501 reducas
498 468 653 509 requiem.

163 566 243 599 132.
259 565 343 610 Ave,
371 566 469 599 stella
495 576 513 599 0
542 565 756 607 lucidissima,

260 615 360 651 Cuius
386 616 544 657 splendor

336 664 471 698 excellit
495 664 731 706 phosphorum,

263 714 322 748 Me
337 714 459 748 amoris
477 712 550 747 face
563 714 611 746 sio
624 721 805 752 concrema,

263 762 315 796 Ne
339 763 380 797 ab
408 763 471 797 hac
497 764 552 797 de-

337 812 454 845 clinem
479 812 514 845 in
539 813 717 851 posterum.

162 911 244 945 133.
257 911 341 951 Ave,
369 910 472 953 virgo,
491 908 591 942 arbor
608 906 802 951 frondifera,

257 958 407 993 Murram
432 958 563 999 spirans

331 1008 471 1049 primam
499 1007 721 1048 credentibus,

256 1056 328 1090 Tua
350 1066 450 1098 prece
475 1056 579 1090 reduc
605 1056 648 1089 ad
671 1064 793 1096 supera

256 1105 306 1139 Te
321 1106 495 1139 laudentes
514 1105 569 1139 die
586 1113 625 1138 ac
642 1105 803 1138 noctibus.

162 1205 243 1240 134.
259 1206 342 1246 Ave,
372 1204 462 1237 cuius
487 1204 522 1236 in
548 1203 723 1244 puerperio

258 1254 329 1287 Deo
356 1254 471 1287 laudes
498 1252 660 1286 canebant
685 1251 803 1295 angeli,

260 1302 421 1336 Miserere
448 1302 481 1334 in
508 1302 697 1343 purgatorio

258 1351 395 1385 Flentes
422 1351 499 1385 dolo
525 1355 641 1392 captos
668 1349 803 1383 diaboli.

161 1451 242 1485 135.
258 1452 340 1492 Ave,
369 1449 467 1482 tellus
495 1448 629 1482 caelesti
655 1449 777 1490 rorida,

257 1501 346 1533 Rore
373 1497 501 1532 fructus
518 1497 628 1531 ferens
646 1498 803 1537 iustitiae,

259 1548 316 1582 Me
343 1551 522 1589 tempestas

333 1598 453 1631 mentis
479 1596 673 1638 praevalida

255 1650 404 1689 Quassat‚
431 1647 538 1679 velum

331 1696 482 1739 expande
509 1696 645 1738 gratiae.

157 1796 239 1831 136.
254 1797 337 1840 Ave,
353 1797 450 1830 decus
457 1794 621 1837 atqueflos
628 1795 802 1838 virginum,

260 1846 360 1880 Cuius
389 1845 476 1878 dulci
504 1854 616 1877 amore
639 1845 790 1886 langueo,

260 1896 348 1929 Onus
374 1893 507 1927 auferas
533 1893 782 1936 Babylonicum,

260 1945 329 1984 Quo
340 1946 511 1985 premente
519 1943 664 1984 peccatis
673 1943 803 1978 sordeo.

160 2045 242 2079 137.
258 2045 342 2085 Ave,
365 2043 492 2086 quaein
509 2042 648 2077 excelsis
662 2042 802 2086 habitaS,

260 2093 455 2135 Constipata
474 2095 662 2126 sanctorum
682 2092 803 2136 cuneis,

254 2143 308 2177 Ad
326 2143 482 2176 virtutum
500 2142 601 2175 reduc
610 2151 662 2175 me
671 2142 803 2175 semitas

255 2193 472 2227 Oberrantem
500 2193 561 2225 viis
589 2191 744 2225 erroneis.

160 2294 240 2329 138.
257 2295 341 2337 Ave,
371 2293 461 2326 cuius
490 2293 588 2326 decus
614 2292 787 2335 logisticon

260 2343 395 2377 Cunctis
424 2342 594 2376 decoravit
620 2342 777 2385 scientiiS,

255 2393 378 2436 Meam,
405 2402 536 2435 quaeso,

328 2442 470 2485 registra
496 2442 673 2485 thymicon,

255 2492 477 2527 Decurvatam
503 2493 697 2527 inimicitiis.

867 221 1043 265 139.Ave‚
1074 221 1167 262 virgo
1194 223 1227 252 et
1254 222 1361 252 mater
1379 218 1509 258 nobilis,

964 270 1068 305 Plena
1095 272 1128 302 et
1155 269 1354 310 superplena
1379 267 1495 310 gratia,

964 320 1182 353 Venerantem
1199 322 1232 351 te
1249 318 1298 351 his
1315 316 1511 350 sertunculis

963 368 1015 402 Ab
1042 368 1157 404 hostili
1182 377 1279 401 serva
1303 366 1455 409 pellacia„

867 469 949 502 140.
965 469 1048 509 Ave,
1077 476 1160 508 quae
1184 470 1219 499 te
1243 466 1278 499 in
1305 464 1501 499 sacrificium

965 516 1122 551 Obtulisti
1151 516 1280 550 excelso
1306 514 1460 558 principi,

966 566 1028 609 Da,
1057 574 1099 599 ne
1127 566 1263 599 damner

1040 624 1099 656 per
1128 614 1235 648 carnis
1262 614 1389 656 vitium,

964 663 1030 697 Sed
1055 672 1108 697 me
1130 662 1206 696 iube
1222 663 1256 695 in
1277 662 1376 695 caelis
1396 661 1509 703 recipi.

866 761 1044 805 141.Ave,
1073 762 1180 805 stella,
1212 761 1302 794 cuius
1330 761 1490 794 serenitas

964 811 1081 845 Cordis
1099 811 1215 843 maesti
1231 809 1369 850 depellit
1387 809 1510 851 nubila,

962 860 1044 901 Tua,
1071 862 1189 900 mater,
1217 857 1408 892 officiositas

960 910 992 941 A
1018 918 1070 941 me
1099 910 1197 941 cunta
1223 908 1328 949 pellat
1352 907 1511 949 pericula.

868 1008 1045 1046 142.Ave,
1074 1018 1093 1041 o
1117 1017 1233 1040 norma
1258 1007 1468 1049 geometrica,

965 1057 1035 1097 Qua
1061 1057 1195 1089 metitur

1037 1108 1149 1138 terrae
1173 1104 1393 1149 profunditas,

963 1155 1098 1188 Manum
1106 1155 1186 1188 mihi
1193 1154 1362 1187 victricem
1369 1155 1510 1197 adpliea‚

966 1204 1066 1244 Quem
1094 1203 1267 1237 confundit

1038 1253 1149 1286 cordis
1176 1254 1336 1289 anxietas.

869 1352 951 1387 143.
965 1353 1048 1393 Ave,
1070 1352 1172 1394 virgo,
1194 1352 1304 1385 David
1324 1352 1511 1397 fundibula,

963 1401 1176 1435 Philistaeum
1188 1410 1252 1442 qua
1262 1402 1379 1435 stravit
1392 1402 1511 1442 valide,

965 1451 1090 1492 Hostis,
1107 1450 1225 1493 carnis,
1243 1451 1354 1485 mundi
1364 1451 1514 1492 pericula

966 1499 1147 1533 Sustinent-,i
1173 1500 1318 1533 solamen
1346 1501 1494 1542 provide.

867 1599 949 1633 144.
964 1599 1048 1640 Ave,
1079 1599 1206 1642 hortus,
1232 1598 1391 1633 virtutum
1419 1600 1509 1633 olera

963 1648 1130 1682 Praebens
1140 1652 1173 1681 te
1188 1649 1307 1682 devote
1317 1649 1510 1691 colentibus,

961 1698 1019 1731 Me
1043 1698 1077 1731 in
1102 1707 1204 1740 regna
1221 1698 1325 1731 reduc
1343 1697 1510 1741 astrifera,

963 1747 1086 1788 Quibus
1113 1749 1226 1790 pulsus

1035 1807 1105 1830 sum
1130 1797 1164 1830 in
1191 1798 1394 1838 parentibus.

866 1897 946 1932 145,
961 1897 1046 1940 Ave,
1085 1897 1352 1938 supermundana
1378 1897 1510 1940 femina,

967 1946 1098 1980 Nullum
1126 1956 1269 1989 unquam

1037 1996 1227 2037 relinquens
1253 1997 1395 2038 inopem,

963 2045 1087 2079 Laudis
1113 2045 1208 2079 huius

1037 2099 1241 2136 promentem
1268 2095 1413 2129 carmina

964 2145 1060 2179 Circa
1086 2145 1169 2177 caeli

1038 2195 1230 2227 commenda
1255 2195 1450 2237 principem.

866 2294 946 2330 146.
963 2294 1046 2335 Ave,
1075 2295 1167 2337 virgo
1192 2294 1479 2335 reverendissima,

965 2344 1194 2378 Collaudanda
1217 2344 1375 2377 virtutum
1394 2344 1509 2389 titulis,

962 2393 1056 2427 Assis
1082 2393 1163 2427 mihi
1188 2393 1222 2427 in
1247 2394 1329 2427 hora
1354 2393 1470 2427 ultima

964 2444 1020 2476 Me
1045 2454 1066 2476 a
1092 2444 1207 2477 mortis

1037 2502 1173 2527 servans
1198 2493 1367 2533 periculis.
