1650 2671
723 165 767 170 —
820 146 890 181 2:30
940 164 987 169 —

187 249 242 282 31.
257 247 340 287 Ave,
367 247 470 288 virgo,
498 254 518 277 a
543 253 603 286 qua
622 245 823 286 protegimur

259 295 330 329 Nec
354 305 419 328 non
444 294 478 327 in
503 301 593 334 spem

331 344 449 377 fortem
476 342 640 386 erigimur,

260 394 471 427 Peccatorum
497 391 600 432 spinis
624 390 825 434 configimur,

261 442 315 475 Ad
324 446 355 474 te
363 445 468 474 tamen
477 440 588 473 tristes
596 440 823 474 convertimur.

189 513 245 546 32.
261 512 345 552 Ave,
365 510 489 543 chorda
507 509 656 542 caelestis
671 509 825 553 citharae,

261 560 350 600 Quae
366 559 399 591 in
417 558 515 590 rebus
530 566 563 591 es
578 558 648 591 sine
663 567 825 601 compare,

259 608 389 641 Mentes
410 607 522 640 tristes
546 607 678 640 caelesti
694 609 828 640 nectare

259 656 431 700 Debriare,
458 656 589 689 illustra
613 656 738 691 iubare.

187 727 243 760 33.
258 726 340 769 Ave,
369 725 459 766 virgo
487 724 607 758 decora
631 725 751 766 specie,

259 774 364 807 Deum
377 774 494 806 mentis
509 774 731 815 contemplans
745 775 825 817 acie,

263 823 441 856 Consolare
466 831 516 854 me
542 825 597 855 tua
623 822 708 855 facie

263 872 300 905 In
328 871 481 905 extremis
508 880 547 903 ac
573 873 658 905 dono
684 871 819 912 gratiae.

191 943 247 975 34.
262 941 345 983 Ave,
372 942 477 973 mater
502 941 616 973 mundi
641 939 787 984 artificis,

258 990 295 1022 In
322 992 487 1022 aeternum

334 1038 479 1080 gaudens
506 1045 577 1070 cum
605 1037 745 1077 caelicis,

257 1086 327 1120 Nos
353 1087 394 1119 ab
418 1086 521 1119 hostis
547 1095 624 1119 erue
648 1086 774 1127 pedicis

265 1137 315 1169 Ac
342 1136 500 1176 coniunge
526 1135 633 1168 choris
659 1135 826 1177 angelicis.

190 1201 249 1234 35.
264 1200 346 1242 Ave,
370 1203 486 1242 mater,
514 1199 604 1240 origo
630 1199 766 1241 gratiae,

263 1247 402 1280 Pietatis
429 1250 526 1287 atque
551 1247 700 1290 fiduciae,

263 1296 313 1329 Tu
340 1295 412 1329 fons
436 1296 530 1328 vivus
556 1306 708 1330 emanans
735 1298 828 1341 satie,

262 1344 471 1378 Medicamen
494 1345 536 1377 da
560 1346 662 1377 menti
687 1345 827 1381 sauciae,

189 1411 245 1443 36.
262 1411 343 1451 Ave,
370 1417 465 1441 arcus
494 1408 595 1442 divini
619 1408 763 1442 foederis

262 1459 313 1490 Ac
338 1459 482 1492 solamen
508 1457 642 1490 humani
667 1458 805 1500 generis,

260 1506 367 1550 Nunc,
391 1507 497 1546 beata,
518 1515 672 1540 succurre
688 1507 827 1549 miseris,

260 1556 321 1596 Qui
343 1555 513 1589 tormentis

334 1606 527 1646 torquentur
552 1605 688 1645 asperis.

189 1670 244 1702 37.
262 1668 344 1711 Ave,
370 1666 490 1700 florens
516 1670 629 1701 Aaron
655 1668 783 1710 virgula

262 1717 475 1757 Omniumque
501 1717 661 1759 virginum
686 1717 831 1757 primula

262 1765 314 1798 Ac
339 1769 524 1799 sanctorum
552 1775 665 1807 regum
690 1765 803 1808 filiola,

263 1814 331 1848 Nos
358 1824 504 1855 expurga
530 1815 654 1848 carnali
682 1816 817 1850 macula.

191 1879 246 1912 238.
262 1879 346 1918 Ave,
373 1882 478 1911 mater
504 1880 619 1912 summi
646 1880 771 1920 solacii,

265 1929 360 1961 Caelo
390 1928 507 1961 cedens
532 1928 565 1961 in
594 1929 719 1961 dextris
745 1927 816 1972 filii,

264 1976 378 2010 Finem
406 1986 491 2018 pone
516 1978 620 2011 nostri
647 1978 817 2018 opprobrii

264 2026 312 2058 Ac
338 2027 470 2067 impone
495 2025 622 2060 frenum
650 2027 784 2062 silentii,

190 2090 343 2131 39.Ave,
370 2092 467 2130 porta
492 2095 577 2132 regis
602 2092 748 2124 institiae

261 2138 371 2180 Atque
394 2142 499 2171 mater
524 2140 778 2181 misericordiae,

263 2186 315 2219 De
339 2188 413 2220 lacu
439 2186 540 2220 faecis
567 2192 599 2221 et
620 2189 771 2222 miseriae

263 2235 320 2268 Me
345 2236 508 2269 misellum
534 2237 678 2271 reforma
693 2240 829 2279 gratiae.

189 2301 246 2334 40.
262 2300 345 2344 Ave,
372 2301 459 2335 salus
486 2300 584 2334 totius
610 2302 743 2342 saeculi,

266 2350 367 2391 Quam
396 2349 583 2383 collaudant

335 2408 446 2433 omnes
472 2401 505 2431 et
530 2400 659 2442 singuli,

266 2449 316 2482 Tu
342 2450 466 2482 virtute
490 2450 547 2482 tua
572 2448 716 2482 mirabili

268 2499 412 2542 Aegrum
434 2507 524 2540 sana,
548 2507 702 2532 succurre
721 2498 831 2534 debili.

887 243 1042 286 41.Ave,
1074 243 1115 276 de
1141 252 1206 285 qna
1230 243 1320 276 rivus
1347 239 1508 280 efferbuit,

961 293 1022 333 Qui
1049 293 1090 326 dc
1108 292 1218 334 Stygis
1244 291 1317 325 sitis
1344 299 1403 323 nos
1430 290 1525 329 eruit,

960 341 1137 375 Declinare
1163 340 1216 374 fac
1233 351 1303 382 nos,
1318 348 1400 382 quae
1413 338 1529 381 vetuit,

958 390 1003 423 Et
1027 391 1167 432 implere

1033 440 1147 482 legem,
1178 448 1271 479 quam
1298 437 1462 479 praebuit.

887 518 1040 563 42.Ave‚
1070 518 1219 559 polorum
1245 516 1487 558 tympanistria,

961 566 1066 599 Deum
1092 566 1231 599 laudans
1254 567 1287 598 in
1308 565 1390 598 caeli
1408 565 1528 609 patria,

962 615 1086 648 Cuncta
1110 615 1222 647 mundi
1246 615 1332 656 pelle
1353 615 1528 653 contraria,

963 663 1086 697 Contra
1112 664 1222 696 hostes
1251 664 1346 697 detur
1371 663 1523 697 victoria.

888 746 945 779 43.
961 744 1044 784 Ave,
1071 743 1174 784 virgo,
1203 743 1317 784 regina.
1342 741 1486 783 gentium

963 792 1094 826 Christo
1108 791 1249 824 Domino
1267 790 1529 833 adhaerentium,

961 841 1106 884 Linguas
1134 841 1312 880 comprime

1035 890 1279 931 obloquentium

960 940 1201 980 Brachiumque
1225 948 1283 971 nos
1312 936 1503 971 odientium.

888 1020 945 1054 44.
961 1022 1042 1062 Ave,
1070 1020 1175 1050 mater
1200 1017 1286 1056 regis
1305 1016 1530 1058 pulcherrimi,

961 1067 1058 1100 Cuius
1084 1066 1166 1108 legis
1193 1065 1275 1098 ritus
1300 1065 1481 1104 iustissimi,

961 1116 1030 1150 Nos
1050 1117 1091 1149 ad
1108 1120 1140 1147 te
1155 1116 1332 1148 clamamus
1346 1114 1534 1155 miserrimi,

961 1166 1022 1206 Qui
1039 1166 1190 1197 timemus
1208 1163 1249 1197 ab
1268 1165 1362 1196 hoste
1380 1163 1532 1204 deprimi.

889 1246 946 1278 45.
963 1243 1046 1286 Ave,
1072 1243 1160 1275 vitae
1187 1242 1338 1275 caelestis
1364 1242 1516 1274 normula

963 1294 1074 1334 Atque
1095 1291 1179 1323 turis
1197 1289 1374 1324 florescens
1394 1290 1533 1333 virgula,

962 1341 1108 1383 Regnum
1125 1340 1207 1372 caeli
1219 1350 1281 1382 pro
1296 1339 1390 1372 nobis
1403 1340 1536 1380 postula

962 1389 1078 1431 Sisque
1105 1392 1218 1422 nostra
1241 1389 1387 1423 adiutrix
1405 1389 1532 1423 sedula.

889 1471 945 1503 46.
961 1469 1045 1510 Ave,
1074 1477 1187 1500 carens
1215 1468 1340 1501 carnali
1362 1466 1506 1510 formite,

964 1517 1080 1551 Caelos
1086 1517 1248 1551 scandens
1258 1517 1532 1560 directotramite,

963 1566 1032 1600 Nos
1050 1565 1187 1600 infunde
1203 1575 1345 1608 superno
1359 1569 1537 1607 pneumate

962 1616 1013 1649 Ac
1038 1617 1168 1648 innecte
1195 1617 1360 1649 caelorum
1386 1617 1532 1649 semitae.

890 1691 946 1724 47.
963 1692 1043 1729 Ave,
1073 1689 1152 1722 Sion
1180 1690 1329 1722 caelestis
1355 1688 1435 1730 filia,

962 1738 1025 1771 Dei
1050 1747 1186 1771 cernens
1211 1747 1341 1779 semper
1358 1740 1536 1780 magnalia,

963 1787 1060 1821 Nunc
1086 1788 1251 1821 concorda
1275 1792 1390 1821 nostra
1415 1788 1527 1822 civilia

961 1837 1007 1870 Et
1033 1836 1183 1870 conforta
1210 1838 1312 1870 corda
1336 1835 1471 1873 flebilia.

892 1911 1046 1955 48.Ave‚
1075 1912 1179 1952 virgo.
1209 1911 1298 1945 dicta
1323 1911 1511 1954 verbigena,

964 1962 1066 2000 Quam
1077 1961 1241 1993 collaudat
1249 1962 1353 1994 omnis
1360 1961 1536 2007 caengna,

964 2010 1012 2043 Te
1039 2019 1138 2043 exoro
1164 2019 1292 2053 pauper
1317 2011 1495 2053 terrigena,

962 2058 1009 2092 Ut
1035 2060 1180 2100 pellatur
1208 2060 1311 2093 hostis
1337 2060 1512 2102 maligena.

891 2134 947 2167 49.
964 2133 1045 2174 Ave,
1074 2134 1275 2168 characteris
1302 2135 1517 2177 signaculum,

964 2182 1097 2215 Itineris
1125 2182 1209 2215 caeli
1235 2184 1432 2228 vehiculum,

964 2230 1046 2264 Esto
1073 2231 1275 2272 pauperibus
1301 2233 1530 2267 umbraculum

964 2280 1074 2321 Atque
1088 2283 1235 2313 nostrum
1250 2281 1345 2314 aufer
1358 2283 1538 2323 piaculum.

895 2354 951 2387 50.
967 2353 1052 2394 Ave,
1080 2353 1148 2394 poli
1175 2356 1291 2397 regina
1316 2357 1427 2390 curiae

967 2401 1078 2444 Atque
1103 2405 1209 2436 mater
1234 2405 1493 2449 misericordiae,

968 2450 1029 2484 Pia
1054 2452 1148 2485 nobis
1174 2453 1219 2486 sis
1245 2458 1344 2497 porta
1370 2458 1486 2493 veniae

969 2500 1020 2533 Ac
1044 2502 1188 2535 solamen
1215 2508 1351 2538 nostrae
1376 2506 1542 2545 miseriae.
