1650 2671
204 227 260 260 23.

202 650 258 682 24.

202 1071 258 1103 25.

205 1491 261 1523 26.

200 1913 256 1946 27.

199 2335 256 2369 28.

289 227 371 270 Ave,
398 225 561 267 sapientia

337 277 378 310 In
403 275 587 317 divinitate,

289 325 422 358 Summa
448 331 520 357 cum
547 323 695 365 potentia

336 375 508 414 Imperans
536 382 607 406 cum
632 375 738 418 patre,

288 422 431 463 Obsequi
456 431 496 455 ex
522 424 629 464 gratia

340 473 412 505 Tua
437 469 491 504 fac
516 481 569 504 me
595 474 688 514 grate

286 522 362 555 Tibi
390 529 461 552 cum
486 521 665 562 prudentia

335 572 446 611 Atque
470 570 625 611 puritate.

285 649 367 690 Ave,
395 650 596 689 exspectatio

342 698 494 731 Gentium
522 702 721 738 cunctarum,

291 747 380 780 Laus
408 750 441 778 et
467 748 644 780 consolatio

334 796 380 828 Et
405 796 493 828 salus
520 805 641 840 earum,

289 845 360 877 Tua
387 844 460 877 (lira
484 846 594 885 passio

339 894 603 935 Ignorantiarum

288 943 436 975 Mearum
464 943 582 976 solutio

338 991 388 1024 Sit
413 993 511 1031 atque
537 992 715 1033 culparum.

284 1069 367 1112 Ave,
394 1069 489 1109 panis
517 1069 639 1102 caelice

335 1117 465 1150 Satians
492 1126 627 1158 egenum

288 1167 340 1199 Ac
366 1169 441 1198 tuae
466 1165 601 1199 deificae

339 1214 493 1248 Caritatis
518 1215 661 1256 plenum.

291 1263 407 1298 Cordis
431 1264 496 1296 mei
524 1264 627 1297 disice

333 1311 497 1346 Affectum
522 1315 688 1346 terrenum

287 1363 502 1402 Meorumque
528 1362 622 1395 abice

333 1410 530 1453 Appetitum
555 1420 680 1444 renum.

290 1490 371 1533 Ave,
398 1489 447 1521 sol
473 1497 514 1522 ex
540 1491 646 1531 gratia

335 1538 440 1571 Menti
468 1538 548 1571 dans
575 1543 705 1571 acutum

286 1587 421 1626 Lumen,
449 1596 511 1628 quo
538 1588 706 1628 plantaria

339 1636 531 1670 Germinent
556 1637 723 1680 virtutum,

290 1686 356 1719 Cor
380 1694 486 1717 meum
513 1694 574 1726 per
598 1686 693 1719 varia

339 1735 472 1768 Scelera
496 1735 656 1775 pollutum

287 1784 411 1825 Purges
437 1793 476 1816 ac
500 1781 623 1816 bifaria

339 1834 428 1874 Lege
455 1831 509 1865 fac
533 1833 702 1867 imbutum.

283 1913 368 1956 Ave,
395 1912 607 1945 aromaticum

334 1962 405 1995 Vas
430 1960 654 2006 benignitatis,

286 2010 336 2042 Tu
362 2019 419 2043 vas
446 2009 638 2043 odorificum

336 2060 470 2100 Vasque
496 2059 652 2099 caritatis,

289 2107 414 2140 Statum
441 2106 495 2139 fac
520 2108 690 2149 pacificum

336 2156 594 2200 Contrarietatis,

283 2206 430 2247 Abigens
455 2205 636 2238 terrificum

333 2255 473 2288 Hostem
497 2255 642 2295 pietatis,

283 2334 367 2377 Ave,
392 2333 628 2366 lucidissimum

335 2383 462 2416 Lumen
487 2383 606 2415 mentis
633 2391 745 2424 purae,

287 2432 504 2474 Splendorem
531 2432 743 2465 clarissimum

337 2482 458 2515 Sacrae
485 2482 565 2515 dans
592 2482 785 2526 scripturae,

911 455 968 489 29.

907 876 963 911 30.

907 1296 962 1331 31.

908 2138 964 2173 33.

993 226 1058 260 Per
1085 228 1153 260 eius
1179 227 1381 261 tutissimum

1043 277 1113 310 lter
1138 278 1180 310 ad
1208 275 1340 310 futurae

996 326 1094 360 Vitae
1119 326 1342 360 habitaculum

1046 375 1156 409 Ducas
1182 384 1241 409 nos
1267 384 1391 409 secure.

995 455 1078 499 Ave,
1108 463 1165 487 rex
1191 453 1337 487 fidelium

1043 503 1223 537 Libertatis
1249 505 1349 544 tutor,

994 552 1078 595 Rex,
1105 553 1161 594 qni
1190 551 1289 586 dicis:
1318 561 1377 594 ego
1402 560 1474 584 sum

1041 601 1131 634 Deus
1158 604 1191 634 et
1215 610 1280 633 non
1306 603 1424 641 mutor,

994 650 1122 684 Devote
1148 650 1355 683 clamantium

1042 701 1097 733 Ad
1123 702 1156 732 te
1182 700 1226 732 sis
1256 699 1388 732 adiutor

993 748 1038 781 Et
1062 749 1094 781 in
1122 758 1182 781 nos
1208 748 1408 789 surgentium

1041 798 1122 830 Esto
1149 800 1350 838 persecutor.

991 876 1073 919 Ave,
1103 876 1157 917 qui
1185 875 1391 909 dulcedinem

1040 925 1131 958 Tuae
1155 924 1288 967 pietatis

990 973 1100 1015 Atque
1124 972 1362 1014 plenitudinem

1041 1022 1120 1055 Tuis
1146 1024 1295 1064 praestas
1321 1022 1434 1064 gratis,

991 1071 1058 1104 Per
1081 1070 1381 1111 inexstinguibilem

1039 1120 1154 1161 Ignem
1181 1119 1328 1153 caritatis

990 1168 1101 1201 Elima
1125 1167 1308 1211 rubiginem

1038 1216 1136 1250 Meae
1161 1216 1348 1258 pravitatis.

993 1296 1077 1337 Ave,
1104 1295 1269 1328 ineffabile

1039 1345 1183 1378 Verbum
1211 1344 1379 1384 creatoris,

993 1393 1053 1427 Cui
1078 1393 1142 1427 hoc
1166 1401 1298 1426 carmen
1324 1393 1437 1426 nobile

1045 1442 1186 1477 Concino
1211 1441 1342 1483 amoris,

990 1492 1055 1525 Cor
1081 1501 1188 1525 meum
1214 1489 1377 1524 frenabile

1038 1541 1108 1574 Fac
1132 1540 1304 1581 praecepti
1328 1540 1408 1572 loris

989 1589 1035 1622 Et
1059 1588 1290 1623 indissolubile

1045 1638 1181 1671 Pessulo
1207 1637 1344 1671 timoris.

959 1743 966 1751 .
993 1717 1077 1757 Ave,
1105 1726 1198 1758 quem
1225 1716 1399 1748 sinceriter

1042 1765 1170 1800 Chorus
1197 1766 1368 1798 beatorum

992 1814 1165 1848 Collaudat
1190 1815 1382 1856 perenniter

1040 1865 1079 1897 In
1106 1873 1205 1906 regno
1233 1864 1407 1904 caelorum,

988 1912 1099 1946 Exoro
1125 1913 1321 1954 suppliciter

1037 1962 1086 1995 Te
1110 1972 1216 1996 meum
1245 1962 1409 2002 decorum,

991 2011 1038 2045 Ut
1062 2011 1180 2053 iungar
1205 2011 1349 2043 feliciter

1040 2061 1156 2094 Coetui
1180 2061 1337 2101 ipsorum,

991 2140 1073 2183 Ave,
1103 2148 1121 2171 o
1147 2138 1292 2171 suavitas

1041 2187 1147 2228 Super
1170 2187 1235 2220 mel
1264 2187 1468 2230 dulcescens,

989 2236 1132 2269 Pellitur
1157 2235 1323 2269 acerbitas

1041 2285 1165 2318 Mentis
1192 2295 1256 2327 qua
1282 2288 1480 2330 tumescens,

991 2333 1071 2366 Mea
1094 2343 1156 2375 per
1181 2337 1214 2367 te
1239 2334 1386 2375 pravitas

1041 2383 1141 2423 Quasi
1167 2384 1223 2417 nix
1250 2383 1433 2425 liquescens

989 2432 1143 2465 Solvatur
1170 2436 1203 2466 et
1228 2431 1357 2467 falsitas

1036 2481 1159 2517 Merito
1185 2482 1356 2518 vilescens.
