1650 2671
235 211 293 246 47.
319 212 402 252 Ave,
430 219 448 242 o
474 211 662 254 laudabilis,

238 615 283 648 48

239 1125 282 1158 51

235 1529 279 1561 52

233 1909 277 1967 53

227 2343 285 2376 54.

370 262 452 304 Ave,
481 270 499 293 0
527 261 677 304 benigne,

323 309 383 349 Qui
410 318 429 343 a
455 309 515 342 tibi
543 310 686 344 credulis

374 359 548 392 Veneraris
577 360 684 402 digne,

320 407 416 441 Assis
442 408 508 441 tuis
535 408 666 442 famulis

368 458 473 490 Tuum
501 458 542 491 ob
569 458 698 501 insigne

320 506 459 547 Nomen,
487 508 542 548 qui
568 508 609 540 ab
637 507 773 541 aemulis

371 556 560 589 Gravantur
585 556 739 598 maligne.

289 642 295 649 .
323 615 407 658 Ave,
435 615 489 656 qui
514 616 663 656 potentia

368 664 530 697 Mundum
556 665 643 698 hunc
668 667 832 697 sustentas

320 713 432 755 Atque
457 714 621 755 sapientia

369 763 554 796 Prudenter
580 763 753 805 gubernas,

317 811 374 844 Me
397 811 590 852 insipientia

368 861 543 895 Caecatum
569 870 611 893 ne
637 869 785 901 spernas,

319 908 384 943 Sed
410 912 467 942 tua
493 910 665 942 clementia

366 958 518 992 Dulciter
543 969 596 992 me
622 966 747 993 cernaS.

929 213 986 247 49.
1012 212 1094 252 Ave,
1123 211 1203 244 caeli
1231 210 1360 249 ostium,

1075 262 1143 302 Quo
1168 261 1296 293 intrant
1322 258 1506 301 credentes,

1024 310 1173 344 Fraudes
1199 308 1447 351 malignantium

1073 360 1220 394 Fortiter
1246 359 1423 401 vincentes,

1027 411 1169 450 Quorum
1195 409 1240 441 ad
1263 407 1462 441 consortium

1074 459 1240 491 Perducas
1266 456 1444 499 gaudentes

1026 507 1151 541 Laudis
1178 506 1377 540 sacrificium

1072 556 1178 590 Huius
1204 556 1384 589 offerentes.

930 616 985 649 50.
1014 616 1096 657 Ave,
1125 615 1179 656 qui
1207 615 1374 648 Mosaicac

1076 664 1172 705 Legis
1200 664 1392 696 obvelamen

1025 713 1214 746 Declarasti
1240 713 1371 753 publice

1072 762 1177 795 Tuum
1204 771 1263 803 per
1289 761 1435 802 etiamen,

1024 811 1148 852 Culpae
1170 820 1262 843 meae
1288 810 1382 843 abice

1071 860 1243 901 Deprecor
1268 862 1426 898 aeramen,

1023 909 1169 943 Laudem
1198 912 1232 942 ut
1257 907 1428 951 magnifice

1072 959 1120 992 Te
1144 968 1205 999 per
1231 967 1356 992 aevum.
1408 957 1525 992 Amen.

697 1056 1015 1097 Quinquagena
1040 1057 1088 1090 Π.

289 1151 296 1158 .
326 1125 409 1167 Ave,
435 1134 453 1156 0
480 1123 655 1158 fructifera

370 1174 451 1208 Olea
478 1174 640 1216 caelestis,

324 1223 395 1263 Qua
422 1221 555 1264 fugatur
583 1223 681 1256 effera

371 1271 580 1305 Delictorum
607 1272 721 1313 pestis,

324 1321 469 1354 Inimicis
497 1321 634 1354 dextera

374 1370 479 1404 Obvia
502 1369 643 1415 infestis,

321 1420 415 1453 Patri
440 1428 499 1451 nos
527 1418 725 1453 confoedera

367 1469 414 1502 Et
439 1477 594 1500 succurre
619 1469 763 1504 maestis.

284 1553 291 1560 .
319 1528 404 1569 Ave,
429 1526 598 1559 ineffabile

367 1576 512 1609 Verbum
537 1576 601 1609 Dei
625 1576 742 1619 patris,

318 1626 475 1659 Attamen
501 1625 671 1658 laudabile

367 1675 453 1708 Fide
479 1676 640 1718 veritatis,

321 1724 384 1758 Cor
410 1724 630 1758 abominabile

368 1775 480 1808 Meum
507 1783 568 1815 pro
595 1775 740 1815 peccatis

318 1824 414 1857 Nunc
440 1824 556 1856 saltem
584 1823 637 1857 fac
663 1824 745 1856 utile

366 1874 461 1907 Dono
488 1873 632 1914 pieta-tis.

283 1958 289 1965 .
317 1933 401 1977 Ave,
430 1941 556 1965 summa
582 1934 714 1974 veritas,

368 1982 530 2015 Subditnr
557 1983 598 2015 de
621 1983 694 2017 iure

322 2032 382 2068 Cui
409 2031 607 2065 universitas

369 2080 481 2116 Omnis
506 2082 740 2125 plasmaturae‚

317 2131 447 2165 Gaudia
470 2129 521 2163 fer
547 2133 672 2165 animas

362 2181 503 2215 Nostras
530 2181 564 2213 in
590 2180 721 2214 futurae

316 2232 422 2275 Vitae,
451 2231 559 2263 carnis
586 2230 729 2264 foeditas

364 2281 446 2315 Cum
475 2280 608 2314 dabitur
634 2281 800 2313 busturae.

313 2341 398 2384 Ave,
424 2340 524 2374 misse
549 2341 685 2373 caelitus

362 2392 468 2424 Amor
492 2389 651 2432 liberalis,

314 2442 415 2483 Quem
440 2440 559 2473 laudet
585 2438 764 2473 cordicitus

366 2490 491 2524 Chorus
519 2488 694 2531 clericalis,

945 1333 1000 1365 55.

940 1736 995 1770 56.

940 2142 996 2176 57.

1030 1125 1226 1159 Coniunctus
1253 1127 1453 1166 germanitus

1077 1174 1160 1208 Mihi
1188 1174 1279 1206 solve
1301 1173 1409 1206 malis.

1028 1225 1206 1264 Protegens
1231 1224 1386 1256 divinitus

1077 1271 1214 1306 Pietatis
1240 1273 1312 1305 alis.

1027 1332 1104 1364 Ave,
1138 1340 1232 1372 quem
1261 1331 1465 1371 carnigerum

1077 1381 1180 1413 Deum
1208 1380 1400 1420 profitemur

1028 1429 1196 1470 Simulque
1223 1428 1383 1462 deiferum

1074 1478 1246 1512 Hominem
1277 1477 1427 1513 fatemur,

1026 1529 1161 1561 Hostem
1187 1528 1222 1560 in
1247 1525 1442 1570 pestiferum

1075 1577 1140 1610 Per
1163 1580 1194 1608 te
1222 1576 1453 1617 confortemur,

1025 1627 1176 1660 Victores
1199 1626 1232 1659 in
1258 1627 1402 1659 siderum

1071 1677 1162 1709 Arce
1189 1676 1395 1709 collocemur.

1023 1736 1108 1775 Ave,
1135 1744 1153 1767 o
1179 1735 1358 1768 immobilis

1075 1786 1176 1819 Petra
1203 1788 1236 1816 et
1261 1783 1451 1820 fundamen,

1024 1836 1092 1876 Quo
1120 1833 1214 1874 plebs
1240 1833 1308 1867 fide
1333 1834 1463 1866 stabilis

1073 1883 1207 1924 Recipit
1232 1887 1390 1927 tutamen,

1023 1933 1103 1966 Tuis
1129 1933 1164 1965 in
1189 1933 1337 1966 latibulis

1072 1982 1160 2016 Mihi
1188 1983 1245 2015 des
1269 1983 1473 2027 umbramen,

1024 2032 1140 2065 Donec
1165 2041 1229 2065 non
1257 2032 1406 2066 amabilis

1073 2082 1236 2115 Transeat
1261 2081 1466 2118 fraudamen.

1024 2143 1107 2185 Ave,
1136 2151 1243 2174 meum
1269 2142 1401 2174 unicum

1072 2191 1243 2232 Dulceque
1269 2192 1428 2235 solamen⁷

1024 2242 1116 2275 Tuae
1142 2250 1204 2282 per
1228 2240 1404 2274 mirificum

1073 2291 1194 2325 Mortis
1222 2291 1263 2324 da
1289 2292 1465 2336 luctamen,

1023 2341 1213 2382 Voluptatis
1239 2342 1401 2382 pestioum

1075 2391 1211 2424 Vincam
1236 2393 1275 2423 ut
1299 2388 1481 2435 sufflamen,

1022 2440 1075 2473 Ne
1100 2443 1178 2481 post
1203 2441 1319 2473 mortis
1345 2439 1503 2482 Stygeum

1072 2489 1192 2523 Feram
1218 2490 1413 2523 ustulamen.
