1650 2671
173 204 231 238 56.

183 1052 239 1086 58.

184 1475 241 1508 59.

184 1899 242 1932 60.

181 2325 239 2359 61.

715 101 959 137 ,61-

262 205 346 245 Ave,
374 200 470 243 panis
498 200 629 240 caelice,

310 250 370 291 Qui
397 249 519 282 esuriei

261 298 432 334 Succurris
459 296 598 332 mirifice

309 348 523 381 Famulorum
549 347 624 388 Dei,

260 399 354 441 Peto,
382 406 441 431 rex
467 396 651 437 magnifice,

309 447 472 480 Miserere
497 446 562 478 mei

261 495 455 530 Auferendo
478 495 625 528 hosticae

309 544 460 579 Fraudes
486 544 604 581 rabiei.

230 652 237 660 .
262 627 348 667 Ave,
376 624 436 658 fios
462 624 655 666 praelucide

309 673 446 709 Amoris
475 673 588 715 divini,

263 724 352 758 Rore
377 723 504 765 pellens
531 722 642 756 valide

311 773 445 806 Morsus
472 771 652 812 serpentini

264 822 373 865 Virus,
400 821 477 855 audi
504 820 637 862 placide

313 871 421 905 Melos
449 870 629 912 vespertini

264 921 403 964 Cantici,
432 920 518 961 quod
546 918 674 952 fervide

317 970 445 1004 Canunt
468 968 631 1011 inquilini.

267 1051 350 1092 Ave,
377 1049 434 1091 qui
457 1058 518 1081 nos
545 1048 652 1089 gratia

316 1098 407 1131 Tuae
432 1098 564 1138 pietatis

266 1148 394 1181 Elimas
420 1156 441 1178 a
465 1146 572 1179 scoria

318 1196 463 1229 Nostrae
487 1194 671 1238 pravitatis,

269 1247 410 1280 Contere
435 1244 584 1285 potentia

317 1294 408 1327 Tuae
434 1293 614 1326 maiestatis

267 1344 404 1377 Hostem
432 1352 504 1375 cum
530 1342 676 1375 versutia

317 1392 402 1426 Suae
428 1390 594 1426 falsitatis

266 1472 350 1510 Ave,
380 1480 459 1504 vera
485 1469 628 1512 claritas,

316 1521 406 1561 Quae
430 1520 590 1560 pallorem
616 1518 733 1562 nescis,

268 1571 338 1611 Qua
364 1569 498 1611 fugatur
520 1566 648 1601 falsitas

316 1619 544 1659 Mentiumque
570 1616 684 1658 pestis,

272 1669 343 1702 Tua
366 1669 515 1709 praestet
540 1666 646 1707 pietas

320 1717 536 1751 Consolamen
562 1715 705 1759 maestis,

267 1769 355 1809 Quos
381 1769 498 1809 gravat,
523 1764 707 1798 adversitas

316 1815 465 1850 Motibus
490 1814 648 1849 molestis.

269 1897 352 1939 Ave,
382 1903 477 1937 quem
504 1905 522 1927 a
549 1893 680 1926 saeculo

318 1944 446 1978 Mundo
472 1944 705 1985 prophetatum

272 1994 455 2036 Credimus,
483 1993 524 2026 ab
551 1992 667 2035 angelo

319 2043 423 2078 Matri
447 2042 643 2085 nuntiatum,

269 2094 323 2128 Da
349 2093 496 2126 credenti
523 2093 646 2134 populo

317 2143 423 2177 Tuum
450 2140 646 2175 famulatum

268 2193 367 2235 Sequi
396 2192 497 2226 corde
522 2191 648 2234 sedulo,

320 2242 464 2277 Servare
489 2241 691 2275 mandatum.

266 2323 348 2365 Ave,
379 2322 430 2355 cui
456 2320 632 2354 sinceriter

320 2371 432 2407 Glisco
461 2370 633 2407 deservire

267 2422 313 2456 Et
339 2422 513 2463 amplexus
542 2419 684 2452 dulciter

318 2470 405 2504 Tuos
431 2470 580 2513 introire,

886 428 941 462 62.

889 850 946 884 63.

893 1273 949 1307 64.

894 1698 951 1731 65.

896 2122 952 2156 66.

971 199 1125 241 Digneris
1153 199 1309 233 velociter

1020 249 1105 282 Mihi
1130 249 1316 292 subvenire,

971 298 1023 331 Ne
1048 308 1100 331 mo
1128 299 1245 340 culpae
1270 298 1413 339 turpiter

1021 347 1155 381 Possint
1178 347 1354 388 impedire.

969 427 1051 466 Ave,
1079 426 1170 459 sidus
1196 425 1368 468 fulgidum,

1021 475 1126 509 Stella
1151 477 1321 515 matutina,

973 525 1091 557 Pectus
1118 534 1260 567 purgans
1286 525 1455 558 sordidum

1020 574 1051 606 A
1079 574 1194 614 culpae
1219 574 1358 615 sentina,

971 623 1108 655 Fastum
1137 623 1255 656 mentis
1282 624 1459 666 turgidum,

1023 671 1113 705 Tuae
1141 672 1316 713 disciplina

974 721 1072 762 Legis
1099 719 1153 754 fac
1177 729 1229 753 me
1254 721 1419 755 subditum

1022 769 1163 811 Tibique
1191 770 1350 803 combiua.

974 850 1056 891 Ave,
1083 849 1139 891 qui
1165 859 1200 882 es
1225 850 1337 891 specie

1023 899 1109 931 Mire
1137 898 1309 932 decoratus

974 949 1085 989 Atque
1110 947 1206 981 donis
1232 948 1368 989 gratiae,

1025 996 1183 1031 Placidus
1207 1000 1241 1029 et
1267 999 1390 1040 gratus,

975 1046 1146 1079 Maerores
1170 1046 1329 1079 ecclesiae

1025 1094 1133 1128 Cerne
1157 1096 1341 1135 miseratus,

975 1144 1130 1176 Auctoris
1156 1144 1321 1186 nequitiae

1025 1192 1126 1232 Quam
1154 1192 1288 1226 turbant
1315 1195 1460 1226 conatus.

977 1273 1059 1315 Ave,
1089 1271 1140 1305 cui
1167 1272 1365 1305 concinimus

1027 1321 1192 1363 Hymnum
1219 1321 1252 1353 in
1279 1322 1455 1365 praesenti,

977 1371 1113 1403 Terram
1142 1379 1213 1403 cum
1241 1370 1436 1404 caelestibus

1026 1419 1172 1453 Provide
1197 1420 1334 1461 regenti,

978 1469 1010 1501 A
1036 1468 1123 1509 lupis
1149 1468 1325 1510 rapacibus

1027 1517 1131 1550 Manu
1156 1527 1215 1551 nos
1242 1517 1369 1558 potenti

978 1566 1081 1600 Serva
1108 1568 1140 1600 et
1164 1576 1184 1600 a
1210 1565 1337 1600 facibus

1025 1615 1163 1649 Aeterni
1189 1616 1352 1650 tormenti.

978 1697 1061 1739 Ave,
1089 1696 1388 1737 praeclarissimum

1028 1744 1169 1778 Animae
1194 1746 1324 1791 monile,

980 1795 1095 1828 Gratia
1122 1803 1179 1827 cor
1204 1795 1359 1828 stolidum

1028 1845 1170 1877 Faciens
1196 1844 1302 1888 civile,

983 1893 1213 1927 Concinentem
1240 1891 1396 1926 famulum

1029 1942 1120 1983 Opus
1145 1942 1208 1975 hoc
1232 1943 1354 1975 servile

979 1992 1123 2026 Introire
1149 1992 1305 2025 caelicum

1029 2040 1146 2074 Facito
1173 2041 1292 2075 cubile.

980 2122 1063 2161 Ave,
1092 2130 1186 2163 quem
1212 2120 1359 2164 glorifico

1031 2170 1126 2204 Hanc
1151 2180 1212 2212 per
1233 2170 1455 2212 hymnodiam,

981 2221 1084 2262 Quam
1109 2229 1170 2262 per
1195 2229 1323 2254 sacram
1350 2221 1468 2262 colligo

1032 2269 1321 2312 Hagiographiam,

982 2319 1068 2361 Tibi,
1097 2319 1241 2361 Christe,
1268 2319 1418 2361 supplico

1031 2369 1174 2402 Matrem
1200 2377 1261 2411 per
1287 2369 1439 2409 Mariam,

981 2418 1066 2452 Mihi
1095 2419 1152 2452 des
1180 2419 1321 2452 erratico

1031 2467 1079 2500 Te
1104 2469 1196 2509 sequi
1223 2468 1311 2500 vitae
1337 2467 1434 2501 viam,
