1651 2671
751 149 1016 186 —235—

204 240 283 276 124.
300 242 428 287 Gaude,
446 247 563 287 mater,
580 246 704 281 Christi
718 248 847 289 eximia,

300 291 425 326 Summi
452 295 558 336 patris
587 296 707 330 dilecta
735 296 815 339 filia,

299 341 405 376 Nobis
420 346 555 385 praesta
566 347 645 378 tunc
654 347 848 389 patrocinia,

301 390 384 425 Cum
409 392 518 426 finalis
543 394 639 428 datur
666 396 839 432 sententia.

204 462 285 497 125.
303 463 431 508 Gaude,
458 467 571 501 lucens
591 469 725 502 caelesti
742 470 846 512 radio,

301 513 437 548 Gemma
463 515 592 559 fulgens

375 565 554 605 splendore
578 567 688 610 nimio,

301 611 471 647 Desolatis
498 616 543 648 sis
570 616 750 649 consolatio

299 661 344 694 Et
370 664 540 705 temptatis
566 664 663 698 firma
689 664 846 698 defensio.

204 734 220 767 1
229 735 285 768 26.
303 735 430 779 Gaude,
437 739 552 781 mater,
564 739 654 770 cuius
662 737 847 771 fecunditas

301 785 513 819 Admiranda
538 789 637 827 atque
665 786 844 828 virginitas,

299 834 519 866 Aeternorum
542 835 638 867 nobis
656 835 824 867 hereditas

299 882 363 914 Per
377 885 409 914 te
424 883 521 914 detur
535 886 634 923 atque
646 882 843 915 iucunditas.

201 954 283 987 127.
301 953 427 995 Gaude,
444 955 548 996 virgo,
563 955 596 987 in
611 965 675 997 qua
690 956 845 989 divinitas

297 1003 470 1036 Habitavit
497 1006 530 1036 et
555 1005 659 1037 omnis
685 1005 826 1045 bonitas,

298 1052 367 1085 Nos
390 1052 546 1086 timentes
571 1053 612 1086 ob
640 1064 693 1087 res
710 1054 845 1087 illicitas

298 1101 493 1135 Consoletur
520 1106 576 1135 tua
601 1102 795 1145 benignitas.

198 1175 281 1210 128.
298 1173 424 1218 Gaude,
451 1175 555 1217 virgo,

374 1225 552 1265 splendens
578 1225 757 1270 miraculis,

297 1273 495 1306 Veneranda
521 1284 540 1306 a
559 1275 683 1308 cunctis
701 1276 843 1318 populis,

299 1322 508 1356 Consolatrix
531 1324 576 1356 sis
602 1324 668 1356 tuis
692 1325 833 1357 servulis

295 1373 406 1413 Atque
428 1372 531 1405 turris
549 1373 825 1415 inexpugnabilis.

198 1441 280 1475 129.
298 1440 426 1482 Gaude,
453 1441 558 1485 virgo,

368 1500 451 1532 quae
477 1492 633 1524 mundum
658 1490 800 1525 flebilem

293 1540 470 1580 Reparasti
496 1541 529 1573 in
556 1544 665 1574 mente
688 1541 840 1584 debilem,

293 1588 838 1631 NobisDeumreddeplacabilffln,

291 1638 343 1670 Ne
368 1647 404 1671 se
427 1643 575 1680 praestet
591 1639 840 1674 inexorabilem.

193 1707 274 1741 130.
294 1706 420 1751 Gaude,
446 1708 549 1750 xirgo,
568 1709 706 1749 pudoris
723 1709 839 1754 lilium,

294 1756 503 1791 Consolatrix
522 1761 552 1790 01
566 1767 643 1799 spes
657 1758 840 1801 humilium,

291 1807 397 1839 Tuum
416 1806 511 1839 nobis
525 1811 601 1848 post
614 1808 677 1840 1100
691 1785 840 1841 exsilium

292 1854 511 1888 Benedictum
537 1857 676 1890 ostende
701 1856 814 1891 filium.

194 1923 276 1957 131.
294 1923 421 1968 Gaude,
433 1925 557 1958 micans
567 1926 625 1958 lux
637 1926 678 1958 de
689 1927 840 1970 caligine,

291 1973 379 2006 Rosa
403 1977 477 2007 orta
496 1974 536 2007 de
554 1974 663 2008 David
682 1976 838 2018 germine.

295 2023 390 2056 Omni
419 2032 534 2056 carens
560 2025 790 2066 amaritudine,

290 2072 422 2105 Mentes
430 2076 560 2106 nostras
570 2074 664 2115 reple
673 2075 857 2110 dulcedine.

190 2142 273 2178 132.
290 2141 418 2185 Gaude,
445 2143 596 2184 genetrix
622 2144 797 2177 alimoniae

291 2192 496 2234 Angelorum
522 2193 582 2226 sed
610 2197 644 2226 et
669 2194 838 2235 ecclesiae,

288 2242 421 2275 Pestem
444 2241 540 2275 aufer
558 2243 632 2276 vilis
654 2243 840 2277 discordiae

284 2293 337 2325 Ac
347 2290 493 2326 reforma
504 2291 620 2326 foedus
632 2294 837 2327 concordiae.

189 2361 270 2396 133.
288 2361 417 2407 Gaude,
444 2364 552 2396 mater
577 2362 641 2398 Dei
667 2366 700 2396 et
724 2362 804 2407 filia,

286 2411 467 2446 Benedixit
492 2422 589 2454 quam
615 2413 698 2446 caeli
725 2414 826 2458 curia,

287 2461 363 2494 Tibi
389 2465 504 2495 nostra
529 2462 642 2496 favent
670 2463 837 2508 obsequia,

292 2511 357 2544 Per
383 2514 415 2543 te
441 2511 536 2545 nobis
565 2513 706 2547 donetur
731 2514 838 2550 venia.

912 250 993 284 134.
1010 250 1135 291 Gaude,
1163 260 1257 291 quam

1081 299 1219 333 virtutes
1245 299 1400 333 uranicae

1006 349 1160 383 Laudant
1185 350 1282 389 atque

1079 397 1193 440 plebes
1220 398 1411 441 catholicae,

1007 448 1127 481 Servos
1144 449 1218 479 tuos
1234 447 1411 479 clementer
1424 446 1552 487 respice

1006 497 1053 529 At
1079 496 1219 529 adversa
1244 498 1396 536 potenter
1423 495 1528 528 abice.

910 569 991 604 135.
1008 569 1132 610 Gaude,
1148 569 1240 610 virgo
1257 569 1388 601 caelesti
1405 569 1552 610 germine

1006 620 1090 652 Feta
1116 617 1187 649 sine
1210 617 1299 650 virili
1324 618 1457 659 semine,

1005 666 1194 701 Procelloso
1215 666 1278 699 duc
1291 675 1349 698 nos
1365 666 1406 699 de
1419 665 1550 698 turbine

1006 716 1057 749 Ac
1082 715 1214 748 illustra
1239 723 1381 754 superno
1408 715 1540 746 lumine.

908 789 990 822 136.
1007 789 1134 827 Gaude,
1163 786 1284 819 Christi

1078 838 1185 868 mater
1209 834 1393 875 magnifica,

1004 885 1141 919 Cantica
1166 893 1263 924 quam

1076 932 1212 966 laudant
1239 931 1403 973 organica,

1002 983 1053 1016 Tu
1063 981 1199 1015 absolve
1209 990 1271 1021 me,
1285 981 1347 1012 mis
1357 989 1432 1021 spes
1441 980 1549 1023 unica,

1004 1031 1169 1065 Servitute
1196 1030 1236 1063 de
1262 1030 1475 1071 Babylonica.

907 1105 987 1140 137.
1006 1104 1131 1148 Gaude,
1147 1104 1251 1145 virgo,
1266 1113 1368 1136 verna
1382 1102 1548 1141 alithroni‚

1004 1155 1105 1195 Quam
1113 1153 1302 1186 collaudant
1308 1153 1400 1185 chori
1405 1152 1549 1192 altisoni,

1004 1202 1152 1236 Gemitus
1178 1205 1211 1235 te
1233 1205 1352 1245 petunt
1375 1201 1539 1245 luctisoni,

1002 1253 1147 1286 Verbum
1168 1251 1269 1285 dones
1289 1251 1355 1284 oris
1376 1250 1548 1285 dulcisoni.

906 1327 987 1361 138.
1005 1325 1130 1369 Gaude,
1160 1334 1293 1367 germen

1079 1379 1112 1408 et
1136 1375 1247 1415 proles
1274 1373 1424 1416 Davidis,

1005 1425 1103 1468 Virgo
1124 1433 1158 1456 es
1176 1424 1236 1456 sed
1255 1426 1288 1455 et
1298 1426 1404 1455 mater
1417 1422 1548 1466 nobilis,

1005 1474 1105 1508 Cuius
1132 1476 1248 1514 partus
1272 1476 1320 1505 est
1341 1471 1547 1505 admirabilis

1001 1524 1113 1564 Atque
1138 1520 1246 1555 forma
1272 1520 1513 1555 desiderabilis.

904 1598 984 1631 139.
1003 1597 1128 1639 Gaude,
1157 1605 1243 1639 rosa,
1264 1596 1354 1628 cuius
1371 1594 1549 1638 fraglantia

1002 1647 1107 1679 Deum
1135 1645 1239 1678 traxit.
1267 1645 1309 1678 de
1338 1644 1421 1677 caeli
1448 1644 1550 1685 curia,

1003 1696 1071 1729 Nos
1101 1693 1243 1729 defende
1268 1695 1309 1727 ab
1334 1695 1439 1727 hostis
1465 1693 1553 1727 furia

1001 1747 1053 1778 Ac
1081 1744 1215 1778 caelesti
1242 1745 1284 1777 da
1310 1742 1377 1776 frui
1403 1744 1518 1785 gloria.

905 1821 985 1854 140.
1003 1819 1129 1855 Gaude,
1152 1818 1245 1859 virgo
1260 1818 1390 1859 spirans
1405 1822 1552 1851 aromata

1002 1868 1046 1901 Su
1049 1876 1227 1909 pernorum
1235 1870 1333 1908 atque
1341 1867 1550 1910 charismata,

1003 1918 1128 1951 Cuncta
1153 1915 1269 1958 frange

1077 1974 1237 2008 perversa
1263 1966 1417 2008 dogmata

1003 2017 1141 2058 Ducque
1154 2025 1213 2048 nos
1228 2016 1268 2048 ad
1286 2017 1367 2049 caeli
1376 2016 1548 2058 agalmata.

907 2092 987 2125 141.
1006 2090 1133 2131 Gaude,
1162 2093 1273 2131 mater1

1050 2142 1161 2174 nostra
1189 2140 1384 2184 redemptio,

1004 2189 1139 2223 Miseris
1168 2199 1244 2231 spes
1271 2193 1304 2222 et
1330 2190 1519 2235 consolatio,

1002 2239 1071 2272 Nos
1099 2239 1266 2272 concorda
1292 2240 1413 2273 dilecto
1440 2238 1519 2281 filio,

1001 2289 1048 2323 Ut
1057 2289 1102 2322 sit
1110 2288 1205 2321 nobis
1216 2298 1288 2322 cum
1299 2289 1422 2322 sanctis
1428 2289 1548 2331 portio.

908 2364 989 2400 142.
1006 2364 1133 2405 Gaude,
1161 2362 1236 2396 finis
1263 2364 1346 2406 legis
1372 2363 1551 2405 primariae

1003 2416 1055 2448 Ac
1080 2412 1210 2447 initium
1237 2414 1462 2456 secundariae,

1000 2464 1079 2498 Mea
1104 2471 1197 2496 mens
1225 2466 1275 2496 est
1296 2463 1429 2496 turbata
1448 2462 1549 2503 varie,

1001 2515 1126 2556 Quaeso
1132 2538 1139 2555 ‚
1146 2515 1183 2545 ut
1188 2512 1273 2545 hanc
1280 2521 1442 2555 expurges
1450 2512 1548 2547 carie.
