1650 2671
468 845 500 879 1.

464 1339 496 1372 32³

654 645 706 678 VI.
727 644 920 677 Psalterium
940 644 1019 677 terti
1026 653 1084 676 um.

637 746 779 780 Oratio
803 745 1103 786 praeambula.

529 841 634 879 Gantu
659 842 811 885 florigero
838 845 927 875 serta
952 843 1091 875 nitentia

525 893 678 926 Laudum
705 894 876 925 conectere
902 893 1008 924 nitens
1035 901 1095 933 pro
1127 892 1243 933 gratia,

525 943 573 975 Te
600 943 740 983 primum
766 942 845 983 adii,
874 951 892 973 o
920 941 1091 983 sapientia,

526 992 590 1025 Per
617 1001 711 1033 quam
738 990 919 1024 sceleribus
944 999 1006 1033 me,
1034 999 1163 1031 precor,
1195 991 1293 1023 ascia.

524 1088 705 1125 Revolvam
732 1089 832 1131 igitur
857 1098 952 1122 sacra
977 1089 1143 1122 volumina

524 1140 622 1182 Legis
649 1142 681 1171 et
708 1139 833 1180 gratiae
860 1138 986 1179 scripta
1011 1138 1045 1171 in
1070 1139 1200 1182 pagina,

527 1189 616 1228 Quae
641 1189 756 1221 laudes
783 1190 939 1221 resonant
966 1189 999 1220 et
1027 1187 1228 1229 iubilamina,

527 1238 647 1270 Psaltis
673 1237 852 1278 praecipue
878 1237 1051 1278 praeclara
1077 1238 1233 1271 carmina.

523 1333 557 1371 Is
584 1346 658 1369 nam
684 1336 719 1369 in
745 1335 899 1369 laudibus
927 1336 1139 1369 exercitatior

521 1386 644 1419 Exstat
668 1394 749 1426 prae
778 1386 896 1418 ceteris
924 1387 957 1417 et
982 1385 1172 1429 elegantior,

521 1435 620 1469 Unde
645 1434 851 1475 frequentius
876 1434 982 1475 ipsum
1010 1435 1195 1477 aggredior,

522 1485 561 1518 In
586 1484 651 1517 isto
679 1484 823 1517 carmine
847 1484 896 1516 uti
923 1484 984 1516 sim
1010 1484 1203 1525 promptior,

533 1580 600 1618 Sed
627 1592 710 1625 quae
734 1592 797 1616 vox
823 1583 947 1625 poterit
970 1583 1082 1625 lingua
1107 1587 1267 1625 retexere,

520 1633 597 1675 Quis
625 1632 754 1666 scribae
788 1633 931 1665 calamus
958 1632 1132 1665 scribentis
1159 1643 1301 1675 propere

518 1683 606 1715 Tuas
632 1691 693 1723 per
717 1682 848 1724 singula
872 1682 987 1715 laudes
1015 1682 1232 1723 conscribere,

520 1732 563 1764 Ni
589 1732 707 1764 mentis
735 1731 888 1765 tenebras
913 1732 996 1765 velis
1024 1731 1214 1765 discutere?

526 1829 658 1873 Torpor
683 1841 758 1864 nam
783 1829 935 1874 frigidus,
962 1835 1090 1864 tumens
1117 1832 1224 1871 elatio,

519 1881 639 1914 Libido
666 1881 853 1924 sordidans,
881 1879 1035 1922 frequens
1062 1881 1208 1921 ambitio,

515 1930 676 1971 Voluptas
700 1930 856 1963 indecens
883 1932 916 1963 et
940 1931 1047 1971 turpis
1073 1931 1170 1965 actio.

523 1980 703 2022 Repellunt
728 1980 867 2021 gratiam
894 1990 913 2012 a
940 1980 1049 2012 cordis
1076 1980 1159 2013 ostio

526 2076 573 2115 Ut
597 2079 713 2112 harum
740 2079 840 2121 igitur
864 2082 962 2121 atque
987 2080 1143 2113 similium

522 2129 689 2162 Medelam
716 2129 844 2162 animae
870 2139 1051 2171 consequar
1074 2130 1225 2175 pestium,

519 2179 568 2212 Te
594 2179 735 2220 supplex
761 2179 844 2212 adeo
870 2188 980 2221 regem
1008 2180 1207 2222 caelestium,

521 2229 582 2269 Qui
610 2229 796 2261 consolator
822 2237 856 2261 es
883 2231 1072 2262 cunctorum
1099 2230 1252 2264 tristium.

519 2325 655 2364 Summa
681 2328 846 2369 divinitas,
873 2337 934 2370 per
959 2328 1178 2370 patrocinium

515 2378 639 2412 Beatae
663 2378 800 2419 virginis
825 2378 902 2411 iuva
926 2378 1102 2420 ingenium,

515 2427 621 2461 Aufer
645 2428 787 2470 piacula,
815 2430 949 2468 praesta
974 2427 1167 2472 subsidium,

518 2478 567 2512 Ut
591 2478 722 2512 laudem
748 2477 864 2511 sedule
888 2480 922 2510 te
945 2478 981 2510 in
1006 2481 1213 2519 perpetuum,
