1650 2671
235 227 290 261 12.
318 228 401 267 Ave,
429 226 489 269 sol,
517 226 571 267 qui
598 227 692 260 radio

366 276 457 309 Tuae
481 275 643 308 claritatis

316 326 425 359 Iustos
453 324 493 357 ab
519 324 615 358 initio

365 374 546 408 Illustrasti
568 375 683 416 gratis,

317 423 375 457 Me
401 426 573 466 gravatum
598 425 709 458 taedio

364 474 583 514 Pressumque
609 475 755 514 peccatis

318 522 498 556 Concrema
523 522 677 556 incendio

365 572 458 605 Tuae
484 571 642 605 caritatis.

232 650 288 685 13.
315 651 399 692 Ave,
428 650 483 692 qui
509 651 688 691 prudentia

365 700 465 742 Regis
491 700 678 732 universum

318 749 496 782 Parentum
521 748 654 790 ignavia

364 798 418 831 Ex
444 800 540 839 parte
567 806 769 838 perversum,

316 846 374 879 Me
398 846 462 880 tibi
487 855 548 887 per
573 847 656 880 vitia

367 896 515 930 Revoces
543 897 732 940 adversum,

317 945 390 978 Tua
414 944 559 978 reddens
586 946 694 986 gratia

365 994 511 1027 Mentem
540 1003 660 1035 corque
685 997 819 1028 tersum.

236 1072 291 1106 14.
319 1075 401 1118 Ave,
433 1081 527 1116 quem
555 1074 702 1106 recolere

367 1123 465 1156 Nunc
492 1125 542 1154 est
565 1131 637 1155 mea
664 1131 743 1156 cura

316 1172 360 1205 Et
387 1172 437 1204 sic
462 1170 522 1203 tibi
549 1172 691 1204 reddere

367 1221 511 1253 Lucrum
540 1229 612 1252 cum
639 1230 749 1265 usura,

316 1269 388 1302 Fac
412 1277 465 1301 me
490 1270 698 1310 requiescere

366 1319 443 1351 Vita
468 1318 501 1350 in
528 1317 649 1363 futura,

316 1367 417 1400 Nulla
443 1376 540 1407 quam
566 1368 747 1401 accendere

365 1417 480 1450 Potest
504 1416 697 1457 impostura.

232 1495 290 1528 15.
317 1496 401 1534 Ave,
428 1503 490 1536 per
516 1503 610 1535 quem
637 1496 783 1535 pravitas

364 1544 479 1577 Hostis
506 1547 555 1576 est
582 1544 717 1585 minuta,

313 1593 483 1635 Nobisque
509 1593 676 1626 hereditas

367 1641 458 1676 Caeli
484 1642 648 1683 restituta,

316 1692 396 1725 Cum
424 1695 481 1724 tua
507 1691 662 1725 divinitas

361 1741 468 1775 Carne
496 1744 546 1773 est
570 1741 697 1781 induta,

309 1790 389 1823 Post
414 1793 552 1823 mortem
579 1790 765 1823 humanitas

361 1840 458 1873 Vitae
485 1839 658 1873 retributa.

228 1918 284 1952 16.
312 1919 398 1961 Ave,
425 1918 526 1952 misse
553 1919 689 1952 caelitus

367 1968 533 2010 Splendor
559 1970 755 2011 paternalis,

314 2017 399 2051 Nam
427 2027 462 2051 es
489 2017 579 2058 patri
604 2019 736 2059 penitus

364 2067 609 2110 Coessentialis,

312 2117 448 2151 Rudera
470 2116 632 2149 radicitus

356 2166 425 2199 Nos
452 2175 472 2198 a
499 2167 624 2199 cunctis
651 2167 746 2200 malis

309 2217 491 2259 Protegens
520 2216 679 2249 divinitus

356 2265 495 2300 Pietatis
522 2266 595 2299 alis.

218 2345 275 2379 17.
302 2345 387 2388 Ave,
415 2345 622 2379 immutabile

354 2395 434 2437 Spei
460 2393 722 2437 fundamentum,

307 2446 376 2486 Quo
405 2445 557 2479 consistit
583 2445 704 2478 stabile

352 2495 452 2538 Legis
478 2496 722 2537 testamentum,

1029 229 1081 261 Da
1106 226 1336 262 indefectibile

1056 278 1210 315 .Amoris
1237 280 1445 320 augmentum

1030 327 1115 360 Mihi
1142 327 1236 360 huius
1260 327 1396 360 sedulae

1078 376 1202 410 Laudis
1228 385 1289 417 per
1317 379 1519 410 concentum.

945 456 1001 490 18.
1029 457 1111 489 Ave.
1140 456 1353 489 invictissime

1079 505 1189 548 Gigas,
1218 505 1272 546 qui
1301 505 1477 538 draconem

1028 554 1183 587 Barathri
1208 552 1408 586 fortissimae

1079 603 1196 637 Mortis
1222 612 1282 643 per
1308 612 1444 645 agonem

1028 652 1178 690 Evicisti,
1207 652 1376 692 supprime

1077 702 1142 734 Per
1168 701 1374 733 dilectionem

1027 750 1130 782 Tuam
1156 758 1249 782 meae
1272 750 1401 782 animae

1075 799 1346 834 Delectationem.

942 878 997 913 19.
1026 879 1108 921 Ave,
1136 877 1190 920 qui
1218 877 1389 910 consilium

1075 927 1177 960 Vetus
1206 925 1398 966 confimasti,

1028 977 1121 1017 Quod
1147 979 1182 1008 tu
1208 978 1285 1008 ante
1310 976 1474 1008 saeculum

1079 1025 1158 1059 Cum
1185 1024 1285 1057 Patre
1310 1025 1472 1068 tractasti,

1029 1075 1109 1109 Cum
1136 1077 1169 1107 te
1195 1073 1392 1106 sacrificium

1075 1125 1115 1157 In
1142 1131 1239 1156 cruce
1263 1123 1378 1163 litasti,

1028 1173 1102 1207 Tibi
1129 1173 1178 1205 sic
1205 1172 1407 1204 credentium

1077 1222 1208 1256 Plebem
1236 1221 1399 1254 adunasti.

942 1301 1001 1333 20.
1028 1300 1111 1343 Ave,
1139 1308 1198 1333 rex
1227 1300 1307 1333 dans
1333 1299 1469 1341 gloriam

1074 1349 1154 1382 Tuis
1182 1357 1241 1390 per
1267 1347 1425 1389 favorem,

1026 1399 1200 1437 Virtutem,
1227 1398 1449 1439 prudentiam,

1074 1446 1204 1487 Fidem,
1232 1456 1333 1490 spem,
1363 1455 1516 1489 amorem,

1024 1494 1131 1529 Aufer
1155 1496 1407 1536 immunditiam,

1073 1545 1196 1578 Tribue
1224 1546 1385 1588 decorem,

1025 1594 1106 1629 Dic:
1134 1594 1209 1627 vive
1234 1603 1295 1635 per
1320 1594 1470 1636 gratiam,

1076 1643 1213 1684 Suscipe
1241 1643 1407 1676 honorem.

941 1722 997 1756 21.
1026 1723 1107 1766 Ave,
1136 1723 1192 1764 qui
1218 1723 1258 1755 de
1284 1722 1410 1763 virgine

1075 1772 1160 1806 Olim
1188 1780 1221 1803 es
1249 1772 1373 1813 enixus,

1027 1821 1133 1855 Uarne
1159 1821 1208 1853 sic
1232 1830 1293 1862 pro
1320 1820 1450 1853 homine

1073 1870 1219 1904 Tandem
1250 1869 1432 1913 crucifixus,

1025 1919 1095 1953 Tuo
1123 1928 1204 1961 prae
1230 1920 1392 1952 amamine

1075 1969 1153 2002 Tibi
1177 1968 1239 2000 sim
1266 1967 1412 2002 confixus

1024 2018 1136 2060 Atque
1163 2017 1388 2051 defensamine

1073 2068 1205 2110 Ubique
1228 2067 1397 2103 subnixus,
1416 2098 1425 2104 .

938 2148 958 2180 [ὁ

965 2149 984 2180 [υ

965 2157 995 2181 ·.
1024 2147 1107 2189 Avo,
1137 2155 1231 2189 quem
1258 2146 1418 2188 profiteor

1074 2196 1223 2232 Omnium
1252 2199 1425 2239 rectorem,

1022 2247 1120 2281 Unde
1146 2244 1209 2279 tibi
1235 2246 1398 2288 obsequor

1072 2297 1180 2330 Huius
1206 2305 1267 2337 per
1293 2300 1442 2329 tenorem

1022 2346 1148 2380 Laudis
1175 2348 1260 2390 tuae,
1292 2346 1464 2388 deprecor,

1071 2396 1157 2429 Mihi
1186 2395 1242 2428 des
1264 2404 1408 2429 amorem

1020 2444 1199 2486 Auferens,
1228 2454 1290 2486 quo
1317 2445 1482 2485 inquinor.

1071 2494 1239 2528 Scelerum
1264 2497 1427 2535 putorem.
