1650 2671
165 233 247 267 133.
273 231 357 273 Ave,
384 232 458 265 Iesu
483 230 613 272 millies,

321 283 405 324 Ave,
431 280 476 312 mi
504 279 622 312 dilecte

276 329 374 369 Quem
403 332 590 362 sanctorum
617 327 702 360 acies

707 132 949 167 —98—

324 378 455 411 Laudat
480 377 727 418 circumspecte,

274 426 329 459 Ad
355 427 517 459 caelorum
545 425 654 458 linites

320 474 430 508 Ducas
454 483 506 506 me
533 474 668 517 directe,

274 524 341 563 Quo
367 533 419 556 me
444 527 501 555 tua
527 521 627 555 facies

321 573 427 605 Satiet
450 570 608 614 perfecte.

169 652 252 686 134.
280 651 363 692 Ave,
391 661 408 684 ο
436 650 658 684 dulcissimum

322 701 452 733 Nomen
477 700 563 743 Iesu,
591 708 661 740 ave,

271 748 356 781 Mihi
380 748 649 781 iucundissimum

322 798 470 838 Mihique
495 806 605 839 suave,

276 845 409 879 Servum
438 846 695 878 strenuissimum

321 895 424 928 Tuum
449 894 522 926 fore
547 894 623 927 fave

273 942 358 976 Mihi
384 946 414 975 et
442 944 483 975 ad
509 943 657 975 ultimum

325 992 445 1025 Libera
470 1001 522 1023 me
547 1002 566 1024 a
594 1000 661 1024 vae.

170 1071 250 1104 135.
275 1070 358 1111 Ave,
385 1071 490 1111 patris
518 1069 653 1102 dextera

867 455 945 488 139.

869 875 948 908 140.

325 1119 371 1151 Et
396 1118 564 1150 brachium
591 1120 767 1157 extentum,

275 1166 366 1205 Quod
392 1167 562 1207 Aegyptus
589 1166 688 1198 effera

325 1215 433 1248 Sensit
460 1224 520 1255 per
545 1219 752 1254 tormentum,

276 1265 345 1303 Quo
371 1264 555 1297 Israelitica

320 1313 420 1346 Plebs
427 1313 566 1353 sumpsit
574 1315 778 1354 augmentum
785 1340 793 1356 ‚

273 1361 376 1394 Tuum
405 1371 463 1394 nos
488 1361 532 1393 ad
558 1370 679 1402 supera

324 1410 432 1442 Vehat
456 1413 682 1444 amamentum.

165 1489 247 1521 136.
273 1487 356 1527 Ave,
383 1492 497 1528 pastor
521 1488 663 1528 provide

323 1537 438 1569 Ovium
461 1539 601 1577 tuarum,

272 1585 357 1625 Quas
384 1585 523 1618 abduxit
546 1586 665 1618 callide

870 1293 949 1327 141.

322 1634 399 1666 Prin
405 1643 480 1674 ceps
504 1634 724 1678 tenebrarum,

272 1682 330 1715 Me
356 1683 483 1715 coronis
509 1683 685 1723 splendide

323 1732 411 1765 Orna
436 1731 625 1773 gratiarum,

273 1779 447 1812 Abluendo
474 1780 578 1813 nitide

320 1829 352 1862 A
379 1828 470 1861 faece
496 1829 675 1872 culparum.

166 1908 248 1941 137.
275 1908 356 1952 Ave,
385 1917 477 1940 mons
504 1909 663 1941 excelsior

324 1957 484 1990 Universo
512 1958 614 1999 caelo,

276 2003 341 2038 Sed
367 2004 473 2038 factus
501 2006 660 2040 declivior

325 2055 488 2087 Passionis
514 2056 618 2095 prelo,

870 1715 948 1748 142.

276 2100 407 2137 Sordes.
436 2103 553 2144 quibus
578 2105 740 2146 inquinor,

321 2151 434 2184 Carnis
460 2155 535 2184 tuae
562 2154 633 2186 velo

274 2198 390 2242 Terge,
416 2203 452 2232 ut
476 2202 536 2232 sim
564 2202 672 2242 aptior

323 2248 447 2281 Laudis
474 2253 549 2282 tuae
574 2251 669 2285 melo.

167 2328 248 2361 158.
276 2327 357 2371 Ave,
385 2329 499 2359 auctor
522 2326 654 2360 luminis

325 2375 514 2408 Relucentis
541 2376 640 2421 clare,

866 2137 947 2170 143.

277 2424 386 2457 Glisco
414 2433 506 2465 quem
535 2434 573 2457 ex
599 2425 723 2457 intimis

325 2474 409 2506 Meis
435 2473 601 2515 adamare,

974 229 1030 263 Me
1054 230 1177 262 uirtute
1203 227 1343 262 flaminis

1025 279 1088 312 Tui
1114 278 1293 322 consolare,

977 327 1077 367 Quem
1104 327 1213 359 sititor
1238 325 1405 368 sanguinis

1027 376 1124 417 Cupit
1152 376 1319 409 devorare.

972 454 1055 495 Ave,
1082 455 1139 486 lux
1166 454 1370 486 credentium

1023 503 1062 535 In
1090 502 1172 535 caeli
1198 501 1326 544 fulgens
1350 502 1444 540 cella,

976 551 1077 590 Quam
1106 551 1161 583 dat
1188 551 1231 583 ad
1256 552 1412 584 solacium

1022 600 1149 632 Mundo
1176 601 1275 632 maris
1302 600 1409 640 stella,

976 647 1115 689 Largire
1140 648 1320 681 subsidium

1024 697 1129 730 Nobis
1154 697 1188 729 in
1215 697 1372 739 procella,

975 747 1074 779 Acies
1101 755 1173 778 nam
1202 746 1341 779 hostiurn

1024 795 1118 828 Dura
1142 798 1241 836 parat
1264 795 1362 828 bella.

979 874 1057 912 Ave,
1086 873 1280 906 suavissima

1026 922 1160 956 Gratiae
1188 922 1338 967 dulced0‚

976 972 1114 1004 Pellitur
1139 971 1180 1003 ab
1207 971 1316 1004 anima

1027 1020 1152 1060 Culpae
1178 1029 1241 1062 qua
1267 1020 1397 1057 acredo,

977 1068 1100 1101 Nostra
1127 1077 1187 1109 per
1211 1071 1245 1101 te
1270 1069 1413 1110 pessima

1027 1117 1180 1150 Solvatur
1206 1118 1355 1159 torpedo,

979 1165 1040 1197 Per
1066 1175 1160 1206 quam
1188 1166 1222 1197 in
1248 1166 1446 1207 parvissima

1028 1215 1139 1255 Pugna
1165 1215 1250 1247 hosti
1278 1215 1369 1248 cedo.

978 1294 1060 1336 Ave,
1087 1293 1169 1325 mire
1195 1294 1348 1327 redolens

1025 1342 1104 1375 Flos
1130 1343 1348 1383 amygdaline‚

976 1390 1157 1424 Mundialis
1184 1392 1332 1424 nesciens

1025 1440 1183 1481 Algorem
1209 1441 1357 1481 pruinae,

977 1488 1087 1522 Odore
1112 1489 1156 1521 sis
1182 1489 1335 1523 refovens

1028 1537 1165 1571 Gratiae
1191 1538 1323 1572 divinae

977 1586 1042 1619 Cor
1065 1596 1173 1619 meum
1201 1587 1355 1620 deficiens

1024 1636 1063 1669 In
1090 1639 1235 1670 extremo
1261 1636 1336 1671 fine.

974 1714 1057 1756 Ave,
1084 1715 1195 1755 proles
1221 1715 1337 1748 inclita

1026 1764 1136 1797 Patris
1162 1764 1334 1801 adorandi,

974 1813 1030 1846 Ad
1056 1822 1150 1854 quem
1175 1814 1293 1846 mentis
1320 1813 1435 1847 abdita

1022 1862 1183 1895 Precibus
1210 1863 1365 1906 expandi,

973 1910 1052 1943 Mea
1076 1912 1155 1944 laxa
1182 1910 1294 1945 debita

1025 1960 1165 1993 Sceleris
1192 1960 1328 1994 nefandi

975 2008 1021 2042 Et
1045 2008 1169 2042 fomitis
1197 2010 1335 2043 debilita

1022 2059 1133 2091 Motus
1158 2060 1352 2094 exsecrandi

975 2137 1056 2180 Ave,
1085 2137 1170 2178 lapis
1198 2138 1334 2179 virginis

1027 2186 1111 2219 Olim
1138 2186 1266 2219 clausus
1293 2186 1406 2229 funda,

977 2233 1064 2274 Quae
1091 2238 1123 2266 te
1150 2234 1180 2266 vi
1206 2235 1395 2275 spiraminis

1027 2282 1161 2323 Peperit
1186 2281 1339 2325 fecunda,

978 2329 1165 2363 Gratiarum
1192 2329 1334 2365 fluminis

1023 2379 1129 2420 Aquis
1155 2389 1208 2411 me
1229 2381 1366 2426 inuuda,

980 2427 1094 2460 Carnis
1122 2437 1216 2468 quem
1243 2433 1273 2461 et
1302 2431 1468 2468 daemonis

1024 2477 1201 2517 Inquinant
1225 2478 1403 2516 immunda.
