1650 2671
162 213 245 247 102.
272 214 354 258 Ave,
385 213 467 245 caeli
494 214 632 254 optimas

322 263 486 296 Virtutum
511 265 697 296 sanctarum

273 310 500 352 Refovensque
527 311 651 344 animas

321 360 425 394 Donis
452 360 642 402 gratiarum,

272 408 452 443 Offerentes
477 409 630 442 victimas

320 458 604 491 Uaeremoniarum

269 508 298 539 A
324 508 479 547 languore
507 507 650 540 redimas

321 555 612 591 Conscientiarum.

162 634 242 668 103.
268 635 352 678 Ave,
379 635 541 675 sapientia

321 683 615 717 Consubstantialis

272 733 362 766 Patri
389 741 428 764 ac
449 741 510 773 per
535 733 642 765 omnia

320 781 375 814 Illi
401 782 596 825 coaequalis,

271 831 412 870 Propter
437 839 497 862 nos
523 839 564 863 ex
590 830 692 872 gratia

321 879 442 911 Factus
470 888 502 911 es
528 879 688 923 mortalis,

271 927 368 960 Unde
393 927 452 959 tibi
479 928 583 969 gloria

320 976 370 1009 Sit
394 977 621 1009 interminalis.
678 969 687 978 ’

161 1055 241 1087 104.
269 1055 352 1097 Ave,
381 1057 414 1086 te
440 1056 664 1096 quaerentium

322 1104 446 1136 Lumen
471 1104 631 1148 veritatis,

273 1151 401 1184 Domini
430 1152 592 1192 eloquium

321 1201 473 1240 Fonsque
497 1201 640 1245 pietatis,

272 1249 333 1282 Tui
361 1249 403 1282 da
430 1250 625 1281 consortium

318 1298 401 1332 Fide
429 1297 627 1331 confirmatis

271 1348 307 1380 111
335 1352 423 1380 terra
453 1347 625 1379 viventium

321 1398 401 1430 Cum
427 1396 693 1436 praedestinatis.

171 1475 248 1508 105.
276 1476 358 1518 Ave,
387 1478 482 1515 petra
507 1474 646 1518 stabilis,

317 1528 405 1565 Quae
433 1522 511 1555 fidei
537 1527 700 1557 structura

273 1573 346 1605 Stat
370 1572 569 1605 inviolabilis

321 1621 493 1661 Nunquam
521 1622 657 1661 ruitura,

270 1670 331 1705 Da,
357 1671 433 1704 Iesu
458 1670 619 1713 amabilis,

322 1719 369 1752 Te
396 1722 429 1750 ut
457 1722 564 1751 mento
589 1728 673 1759 pura

274 1768 417 1801 Laudem
447 1777 518 1800 cum
546 1768 708 1801 caelicolis

324 1818 395 1849 Vita
421 1817 453 1848 in
482 1816 601 1850 futuru.

166 1896 245 1929 106.
272 1897 354 1936 Ave,
381 1897 455 1929 Iesu
481 1897 608 1938 semita,

320 1945 478 1978 Mundum
506 1946 559 1986 qui
587 1945 760 1977 distortum

275 1994 447 2029 Errantem
475 2003 534 2034 per
559 1994 673 2027 abdita

322 2045 375 2076 Ad
401 2043 515 2075 salutis
540 2047 668 2084 portum

274 2092 425 2133 Revehis,
453 2093 611 2125 revectita

320 2142 376 2174 Me
401 2149 461 2181 per
486 2142 701 2182 angiportum,

274 2190 392 2232 Legem
418 2190 472 2231 qui
498 2199 558 2230 per
585 2191 719 2222 vetitam

323 2240 445 2272 Faetus
470 2248 540 2271 sum
565 2242 599 2271 ut
626 2242 781 2272 scortum.

166 2320 245 2354 107.
274 2321 354 2358 Ave,
382 2318 458 2359 quia
485 2318 625 2351 credulis

321 2368 441 2402 Merito
468 2376 587 2401 vocare

274 2418 393 2460 Iustus,
421 2417 635 2458 admirabilis,

325 2467 384 2501 Dei
410 2466 563 2508 salutare,

803 116 848 149 so
902 133 942 139 --

807 429 819 441 ⁴
867 440 947 475 108.

867 861 947 894 109.

866 1281 947 1315 110.

867 1702 946 1735 111.

869 2123 948 2156 112.

975 213 1121 246 Auribus
1147 221 1198 244 me
1223 212 1351 252 pariter

1024 263 1115 295 Velis
1141 261 1338 305 auscultare,

976 312 1036 352 Qui
1064 315 1096 344 te
1120 311 1254 344 laudum
1281 311 1385 343 titulis

1025 360 1132 394 Conor
1158 360 1316 394 exaltare.

973 440 1055 477 Ave,
1084 440 1139 480 qui
1165 438 1378 481 opprobrium

1023 489 1145 521 Factus
1172 497 1205 520 es
1231 487 1362 520 Iudaeis

974 538 1194 578 Magnumque
1218 536 1397 569 ludibrium

1025 586 1144 618 Passus
1170 595 1203 618 es
1230 584 1271 617 ab
1299 585 1356 626 eis,

975 633 1087 667 Crucis
1114 643 1185 666 oum
1212 633 1408 674 supplicium

1023 682 1182 717 Sufferres
1208 691 1268 724 pro
1296 683 1372 726 reis,

973 732 997 765 Ο
1026 732 1109 772 Iesu,
1136 731 1316 764 remedium

1020 780 1101 813 Esto
1128 781 1232 822 culpis
1258 780 1348 813 meis.

978 862 1056 903 Ave,
1085 860 1173 892 salus
1199 859 1354 901 gentium,

1023 909 1104 949 Ave,
1128 909 1201 941 Iesu
1227 908 1290 951 pie,

976 959 1073 997 Quem
1104 958 1186 991 dixit
1210 957 1416 999 praesagium

1025 1007 1117 1039 Vatis
1143 1007 1250 1040 Isaiae

977 1055 1181 1096 Gignendum
1208 1063 1269 1096 per
1294 1057 1422 1087 uterum

1024 1104 1167 1145 Virginis
1195 1103 1332 1145 Mariae,

977 1152 1076 1185 Cuius
1101 1161 1160 1193 per
1183 1151 1369 1193 suffragium

1024 1201 1096 1234 Ha«
1121 1210 1172 1233 me
1198 1201 1290 1233 salva
1316 1201 1378 1233 die.

973 1280 1055 1321 Avo,
1082 1278 1141 1312 fios
1168 1280 1362 1312 blastemate

1023 1328 1167 1362 Exortus
1194 1328 1297 1368 regali

975 1377 1019 1409 Et
1047 1380 1222 1418 conceptus
1247 1380 1422 1416 pneumate

1025 1426 1148 1458 Ventre
1175 1424 1338 1465 virginali,

975 1474 1101 1507 Munda
1125 1483 1178 1506 me
1203 1484 1223 1507 a
1248 1473 1448 1516 phlegmate,

1024 1524 1159 1564 Quaeso,
1188 1522 1349 1555 criminali

974 1572 1020 1605 Et
1045 1573 1137 1613 reple
1160 1571 1356 1605 charismate

1023 1621 1228 1662 Sapientiali.

977 1700 1056 1743 Ave,
1087 1700 1173 1740 dyan
1201 1699 1325 1731 caelica

1022 1749 1140 1781 Totum
1164 1749 1308 1781 lustrans
1328 1748 1494 1790 mundum,

976 1797 1166 1831 Currentem
1192 1805 1252 1838 per
1277 1796 1407 1829 lubrica

1024 1847 1123 1886 Quasi
1145 1845 1369 1886 furibundum,

974 1895 1107 1928 Fraude
1134 1895 1298 1928 diabolica

1022 1946 1080 1978 Me
1105 1944 1228 1977 factum
1253 1944 1455 1977 immundum

975 1995 1100 2027 Munda
1126 1995 1157 2026 vi
1186 1992 1303 2027 deifica

1025 2044 1164 2077 Faciens
1188 2043 1376 2076 iucundum.

976 2124 1058 2165 Ave,
1086 2131 1183 2163 quem
1208 2122 1396 2154 caelestium

1024 2172 1123 2205 Chori
1146 2174 1222 2204 sunt
1247 2171 1424 2204 laudantes

977 2220 1103 2253 Titulos
1132 2220 1325 2261 perennium

1024 2269 1174 2303 Laudum
1202 2269 1444 2312 concinnentes,

974 2319 1113 2352 Redona
1134 2318 1325 2360 amoeniam,

1022 2368 1169 2400 Petimus
1196 2371 1372 2410 gementes,

977 2417 1136 2459 Princeps
1164 2417 1250 2459 quod
1279 2416 1446 2452 fallacium

1028 2466 1118 2499 Tulit
1144 2476 1205 2509 per
1231 2471 1397 2507 parentes.
