1650 2671
180 213 237 246 87.
252 212 336 253 Ave,
362 211 491 251 repleta
515 211 621 252 gratia

255 262 441 301 parensque
466 260 556 302 paris
581 261 703 302 nescia,

251 310 353 351 Opem
378 312 468 341 tuam
495 307 546 341 fer
571 309 712 353 miseris,

253 358 446 393 Constitutis
472 358 506 390 in
532 358 689 392 tenebris.

177 459 233 492 88.
248 459 332 500 Ave,
359 457 469 490 Maria
494 456 642 498 genetrix

247 507 310 540 Dei
338 507 470 547 eiusque
495 506 618 547 alitrix,

245 557 358 590 Exoro
384 557 417 587 te
442 555 642 599 medullitus,

247 604 396 647 Infringe
421 604 524 637 hostis
552 605 703 646 impetus.

173 706 229 739 89.
246 707 331 750 Ave,
359 703 506 745 fraglans
533 704 667 737 aureola

250 754 297 788 Et
322 753 476 795 puritatis
503 753 602 795 viola,

246 805 302 837 Ad
328 806 438 836 natum
463 811 579 843 preces
605 803 736 844 porrige

246 853 290 886 Et
317 857 409 886 actus
435 860 524 884 meos
552 852 667 893 dirige,

174 954 232 986 90.
247 953 329 995 Ave,
356 951 504 993 genetrix
531 950 684 995 Sabaoth,

247 1002 315 1042 Quo
344 1000 520 1040 depellitur
544 999 713 1041 Beemoth,

247 1051 308 1091 Qui
335 1054 384 1082 est
409 1051 523 1081 auctor
547 1049 709 1082 mendacii

247 1100 357 1140 Atque
382 1098 523 1130 carnalis
549 1098 632 1131 vitii.

174 1198 329 1240 91.Ave‚
357 1206 451 1238 quam
481 1197 561 1229 caeli
586 1197 718 1235 milites,

245 1245 393 1279 Fecundi
417 1255 544 1287 quoque
572 1246 735 1288 palmites,

250 1296 311 1335 Qui
336 1304 446 1328 veram
474 1296 572 1327 vitem
600 1295 756 1335 ambiunt,

244 1345 292 1377 Te
318 1344 468 1377 venerari
493 1344 637 1384 cupiunt.

171 1444 228 1476 92.
244 1444 325 1486 Ave,
354 1444 470 1475 ornata
495 1442 584 1482 regio

246 1491 352 1533 Cultu,
380 1493 434 1522 tuo
461 1489 613 1531 suffragio
651 1489 657 1492 “

246 1540 324 1584 Fac,
351 1542 388 1573 ut
413 1539 611 1580 triumphem
640 1537 781 1582 fortiter,

246 1590 294 1624 Ut
319 1597 455 1622 coroner
481 1588 680 1629 perenniter.

170 1688 233 1722 93.
247 1690 332 1730 Ave,
357 1686 427 1721 vita
451 1686 622 1718 humilium

247 1737 292 1770 Et
317 1735 471 1778 gaudium
497 1735 721 1779 maerentium,

246 1786 386 1827 Pupillis
412 1787 509 1825 atque
534 1784 642 1816 viduis

244 1835 322 1868 Tuis
348 1834 430 1868 assis
457 1833 624 1866 subsidiis.

792 114 861 150 176
911 136 959 141 -—

883 216 939 248 94.
954 215 1038 257 Ave,
1066 216 1155 248 cuius
1181 217 1373 249 maternitas

954 264 1038 297 Oves
1065 265 1193 298 reducit
1217 265 1365 307 perditas

954 313 1008 345 Ad
1036 313 1121 347 ovile
1146 315 1313 359 ecclesiae,

954 363 1045 395 Feno
1071 371 1208 404 pascens
1233 363 1390 396 iustitiae.

882 461 938 493 95.
955 461 1038 502 Ave,
1065 459 1156 501 virgo
1183 460 1345 499 amabilis,

953 508 1089 551 Mundo,
1116 509 1204 541 hosti
1228 509 1397 550 terribilis,

953 558 1116 591 Vitiorum
1142 558 1309 598 sculptilia

924 648 930 651 -
953 608 1092 648 Frange,
1121 615 1139 638 0
1164 606 1273 639 David
1300 605 1379 641 filia.

880 706 937 739 96.
952 706 1035 747 Ave,
1064 705 1154 737 cuius
1180 705 1362 747 maturitas,

952 755 1133 796 Praecipue
1158 754 1335 798 humilitas,

950 804 1151 845 Regnantem
1180 803 1261 836 caeli
1287 804 1368 836 solio

948 854 1018 887 Tuo
1044 852 1180 885 immisit
1204 852 1338 893 gremio.

879 951 935 986 97.
950 954 1030 996 Ave,
1058 950 1148 983 cuius
1173 950 1291 983 notitia

949 1000 1055 1033 Menti
1080 999 1219 1039 praebet
1243 999 1376 1042 solacia,

948 1049 1089 1082 Intende
1113 1048 1306 1090 iubilamini,

949 1099 1041 1139 Quod
1067 1099 1124 1132 tuo
1149 1107 1256 1139 pango
1282 1098 1414 1132 nomini.

879 1197 933 1230 98.
949 1198 1031 1237 Ave,
1058 1198 1185 1236 myrtus
1212 1194 1410 1236 fraglantiae

948 1246 994 1279 Et
1020 1246 1154 1278 adamas
1181 1245 1394 1285 constantiae,

948 1294 1088 1327 Praesta
1112 1294 1311 1334 triumphum
1340 1294 1471 1335 regibus

950 1344 1015 1376 Pro
1041 1342 1108 1376 fide
1132 1343 1364 1377 militantibus,

878 1443 934 1476 99.
948 1442 1030 1485 Ave,
1059 1441 1187 1482 repleta
1209 1442 1327 1482 gratia,

951 1490 1010 1523 Cui
1036 1490 1145 1523 cordis
1170 1490 1204 1522 in
1231 1490 1360 1523 laetitia

949 1540 1081 1573 Servire
1105 1539 1206 1580 glisco
1232 1539 1344 1571 iubilis

949 1588 1202 1621 Praeconiorum
1227 1588 1343 1623 tituliS.

854 1687 939 1720 100.
954 1688 1036 1728 Ave,
1062 1686 1161 1719 beata
1184 1686 1314 1728 millies,

947 1735 1044 1768 Nunc
1069 1735 1211 1768 salutata
1238 1735 1373 1776 centies,

950 1784 999 1818 Da
1023 1784 1106 1818 nulli
1131 1793 1270 1825 unquam
1300 1784 1471 1817 detraham

946 1834 1112 1875 Bonisque
1137 1843 1202 1866 non
1228 1833 1405 1867 invideam.

619 1969 937 2013 Quinquagena
969 1971 1031 2006 111.

150 2082 228 2116 101.
244 2080 327 2121 Ave,
355 2087 453 2121 quam
479 2087 604 2110 summa
628 2077 758 2111 bonitas

243 2129 290 2163 Et
313 2129 456 2161 humana
481 2126 657 2168 obliquitas

243 2178 384 2212 Matrem
413 2176 475 2209 Dei
504 2176 682 2217 constituit,

239 2229 284 2269 *In
309 2230 343 2259 te
369 2234 499 2259 carnem
526 2233 597 2257 cum
622 2225 740 2259 induit.

148 2328 228 2362 102.
244 2328 328 2369 Ave,
355 2332 436 2367 prae
461 2323 652 2356 mulieribus

244 2374 435 2410 Glorificata
460 2372 620 2415 omnibus,

246 2426 314 2459 Nos
340 2427 431 2457 tuum
456 2423 569 2464 iungat
594 2423 743 2455 meritum

249 2474 383 2509 Cohorti
410 2472 491 2506 caeli
516 2472 666 2506 militum.

852 2079 932 2113 103.
948 2082 1032 2120 Ave,
1061 2079 1158 2113 enixa
1183 2079 1330 2119 subolem

948 2129 1084 2171 Angelis
1112 2128 1345 2171 venerabilem,

944 2177 999 2210 Ad
1026 2180 1211 2210 sanctorum
1240 2178 1303 2211 duc
1328 2180 1478 2220 praemia

946 2226 1038 2259 Haec
1061 2231 1249 2269 promentes
1276 2229 1421 2264 servitia.

850 2325 931 2360 104.
948 2325 1030 2367 Ave,
1054 2325 1285 2367 paradisicola,

946 2374 1012 2407 Sed
1038 2375 1114 2407 olim
1138 2377 1247 2408 terrae
1272 2377 1395 2418 accola,

948 2424 1094 2457 Absolve
1118 2432 1171 2456 me
1197 2434 1216 2457 a
1243 2427 1401 2468 compede

948 2473 1072 2518 Hostis,
1101 2482 1164 2514 qua
1190 2475 1334 2517 stringor
1359 2477 1478 2512 valide.
