1650 2671
795 128 862 164 117

154 227 211 259 45.
228 226 311 269 Ave,
339 224 425 263 Iesu,
456 234 494 259 ex
523 227 613 260 cuius
640 228 748 261 sonitu

228 276 414 309 Potestates
440 278 516 308 sunt
540 278 649 309 motae
667 278 800 320 saeculi,

230 322 420 357 Gratiarum
446 333 505 357 nos
532 334 626 358 move
651 327 777 368 impetu

227 372 281 406 Ad
295 372 519 414 plangendum
534 374 650 408 sordes
666 375 799 415 piaculi.

159 471 219 504 46.
234 470 317 514 Ave,
345 470 436 503 euius
460 480 600 505 ascensu
629 473 744 505 inolito

227 519 417 554 lubilabant
441 521 547 553 sancti
573 522 725 563 apostoli,

226 568 295 602 Nos
328 579 348 601 a
374 578 451 602 casu
477 578 655 612 praeserva
680 571 799 613 subito,

226 618 279 651 Ne
310 620 482 652 tradamur
508 620 594 652 hosti
620 619 774 655 terribili.

150 716 208 749 47.
226 717 309 757 Ave,
337 717 424 757 Iesu,
452 716 541 750 Deus
567 716 753 760 laudabilis,

225 765 315 798 Mira
328 775 459 808 semper
469 768 500 797 et
510 766 650 807 pulchra
660 764 795 809 faciens,

222 814 303 857 Fae,
328 818 365 846 ut
390 815 479 848 mitis

297 864 357 896 sim
385 866 483 904 atque
504 862 646 905 humilis,

224 913 435 946 Voluntatem
462 914 552 944 tuam
577 911 763 953 perficiens

866 229 924 262 48.
940 228 1022 268 Ave,
1048 227 1135 271 Iesu,
1163 227 1218 260 lux
1245 227 1435 269 sapientiae,

938 277 1073 310 Omnem
1087 275 1249 309 hominem
1264 276 1318 318 qui
1327 275 1504 319 illuminas,

935 326 967 359 A
994 334 1044 359 me
1070 325 1187 359 nubem
1213 325 1423 366 insipientiae

935 375 1029 408 Pelle
1054 377 1152 416 atque
1178 374 1289 407 mundi
1317 374 1462 407 delicias.

861 474 919 508 49.
938 473 1021 517 Ave,
1050 473 1142 506 cuius
1169 482 1209 505 ex
1234 472 1313 506 Sion
1338 472 1466 513 species

937 522 1035 555 Clara
1064 522 1124 554 toti
1150 522 1271 555 mundo
1288 521 1504 562 resplenduit,

934 569 1114 604 Manifeste
1138 572 1172 603 in
1198 570 1263 603 fine
1289 570 1410 611 venies,

935 619 1035 652 Cuius
1061 619 1168 660 pietas
1196 619 1251 652 diu
1276 619 1379 652 siluit.

863 718 918 752 50.
935 717 1018 757 Ave,
1044 718 1129 758 Iesu,
1157 718 1304 751 salvator
1329 718 1461 751 saeculi.

931 766 1072 798 Antrum
1099 766 1227 799 nudans

1004 815 1137 847 humani
1163 816 1318 855 pectoris,

930 863 978 897 Te
1005 873 1044 896 ex
1072 865 1172 897 corde
1199 865 1340 906 deposco
1369 864 1494 906 humili,

931 913 1053 946 Sordes
1079 914 1144 946 mei
1170 913 1244 946 leva
1270 912 1436 948 facinoris.

631 1002 944 1043 Quinquagena
974 1002 1018 1036 Π.

151 1071 305 1111 51.Ave,
333 1070 418 1112 Iesu,
446 1071 605 1103 iustorum
632 1070 745 1114 gloria,

225 1120 311 1160 Quos
340 1118 513 1152 confirmas
539 1127 690 1152 sermone
716 1119 789 1152 utili

227 1168 427 1202 Antichristi
451 1177 512 1209 per
537 1170 572 1200 te
597 1168 724 1201 malitia

227 1217 424 1252 Conteretur
449 1218 484 1251 in
510 1217 576 1251 fine
601 1217 733 1251 saeculi.

150 1319 206 1350 52.
224 1317 307 1357 Ave,
336 1316 391 1357 qui
417 1316 554 1349 hostiles
580 1316 717 1349 insidias

227 1365 388 1407 Pepulisti
417 1375 437 1397 a
463 1365 586 1398 sanetis
612 1363 755 1409 fortiter⁷

226 1415 370 1458 Praesta,
390 1414 502 1447 mundi
518 1414 614 1447 huius
628 1414 796 1448 molestias

222 1462 422 1497 Sufferamus
449 1467 485 1497 ut
510 1463 757 1504 aequanimiter.

148 1565 204 1597 53.
220 1563 304 1602 Ave,
325 1563 409 1605 lesu,
429 1572 489 1604 per
509 1572 603 1605 quem
621 1563 795 1604 magnifica

223 1612 426 1654 Largiuntur
452 1615 586 1645 sanctae
613 1613 771 1646 ecclesiae

223 1662 351 1695 Pietate
378 1665 435 1694 tua
461 1671 513 1694 me
538 1663 650 1695 iudica

223 1709 440 1744 Confitentem
468 1715 500 1744 te
527 1711 724 1745 voluntarie.

150 1812 207 1844 04.
223 1812 306 1853 Ave,
336 1810 423 1848 Iesu,
451 1810 506 1852 qui
534 1819 567 1843 es
593 1809 768 1853 fallaciter,

223 1859 368 1892 immicis
393 1871 413 1892 a
430 1859 516 1893 luda
540 1859 695 1898 traditus,

222 1909 270 1941 'l'e
297 1917 395 1942 exoro
425 1909 527 1942 corde
553 1908 731 1950 humiliter,

221 1957 272 1991 Ne
299 1958 391 1991 hiatu
418 1967 550 1999 mergar
574 1958 737 1994 interitus

147 2055 203 2087 55.
220 2053 304 2093 Ave,
331 2053 417 2092 Iesu,
446 2052 607 2085 bellorum
634 2052 769 2097 optime,

221 2102 453 2144 Propugnator
476 2102 702 2143 invisibilium,

218 2151 341 2185 Hostes
367 2154 498 2185 nostros

292 2204 445 2242 potenter
472 2201 652 2243 comprime

216 2250 408 2292 Refoveque
436 2251 538 2286 corda
564 2249 734 2286 flebilium.

148 2347 206 2380 56.
222 2346 306 2387 Ave,
334 2347 411 2381 Iesu
437 2347 528 2380 euius
556 2347 697 2380 ecelesia

215 2396 791 2442 Laudessemperetgratesresonat,

215 2446 269 2480 Ab
297 2450 432 2479 aeterna
459 2447 574 2479 mortis
601 2447 764 2480 sententia

218 2496 362 2530 Vei-nam
376 2505 483 2536 serva,
503 2497 558 2537 qui
572 2498 605 2529 te
618 2495 793 2538 glorificat.

863 1072 920 1106 57.
935 1071 1019 1113 Ave,
1047 1071 1133 1115 Iesu,
1158 1071 1258 1104 iudex
1283 1072 1471 1115 iustissime,

936 1120 994 1154 Cui
1011 1121 1169 1153 assistunt
1184 1125 1361 1154 conventus
1377 1121 1501 1165 caelica,

930 1169 990 1203 Me
1015 1178 1184 1213 conserva,
1214 1174 1249 1202 te
1272 1173 1350 1211 peto
1374 1170 1500 1210 intime,

932 1221 962 1252 A
990 1219 1154 1260 serpentis
1180 1229 1292 1254 morsu
1317 1219 1465 1253 venefici.

860 1319 915 1351 58.
931 1319 1014 1358 Ave,
1043 1319 1126 1361 Iesu,
1156 1319 1210 1359 qui
1236 1318 1398 1351 alimoniis

933 1366 1180 1408 Scripturarum
1206 1366 1298 1401 foves
1318 1368 1501 1413 ecclesiam,

930 1417 1132 1456 Impetentes
1157 1426 1216 1449 nos
1244 1418 1447 1450 contumeliis

928 1465 1063 1507 Frange
1090 1474 1130 1499 ac
1156 1474 1267 1499 eorum
1293 1466 1462 1500 invidiam.

856 1564 911 1598 59.
930 1565 1013 1607 Ave,
1041 1564 1129 1608 Iesu,
1158 1565 1248 1597 cuius
1277 1565 1460 1607 benignitas

932 1613 1036 1647 Nobis
1062 1617 1154 1655 patet
1180 1623 1241 1654 per
1268 1615 1482 1656 evangelium,

930 1663 1037 1696 Detur
1062 1663 1157 1696 nobis
1185 1665 1310 1698 munita
1336 1664 1463 1699 civitas.

928 1712 999 1752 Qua
1024 1712 1163 1746 habetur

1003 1764 1171 1796 aeternum
1199 1763 1383 1805 gaudium„

858 1862 916 1895 60.
931 1861 1015 1901 Ave,
1042 1861 1128 1901 lesu,
1154 1863 1256 1895 turris
1279 1861 1469 1904 fortissima-

931 1912 1003 1951 Qua
1018 1911 1206 1951 dependent
1222 1912 1378 1945 virtutum
1393 1913 1500 1956 clipei,

931 1959 993 1992 His
1020 1970 1040 1993 a
1066 1961 1163 2004 servi,
1193 1970 1304 2003 exoro,
1333 1961 1442 1994 anima

929 2009 1052 2042 Hostes
1079 2009 1283 2051 repellantur
1308 2012 1456 2045 tartarei,

861 2104 1014 2148 61.Ave,
1044 2104 1199 2137 salutaris
1227 2106 1259 2137 et
1283 2106 1389 2147 gloria

930 2153 1128 2194 Populorum
1155 2154 1189 2187 in
1213 2158 1245 2186 te
1263 2156 1502 2196 spernantium‚

928 2203 1053 2236 Mentis
1089 2206 1224 2236 nostrae
1255 2205 1322 2237 ruit
1347 2206 1501 2249 maceria,

932 2252 991 2287 Cui
1022 2253 1160 2295 benigne
1185 2253 1309 2294 praebe
1333 2255 1500 2288 auxilium.

857 2348 917 2382 62.
935 2348 1018 2391 Ave,
1046 2349 1172 2390 auctor,
1199 2347 1283 2380 lucis
1309 2351 1501 2389 perpetuae,

930 2397 1111 2439 vigilamus
1138 2398 1181 2430 acl
1209 2406 1304 2438 quem
1333 2397 1486 2430 diluculo

927 2446 1134 2480 Exsultantis
1160 2447 1194 2480 in
1221 2450 1254 2479 te
1280 2446 1411 2479 assidue

930 2496 993 2530 Cor
1020 2498 1146 2538 confige
1172 2496 1293 2529 amoris
1319 2496 1437 2529 iaculo.
