1650 2671
225 204 258 234 ὃ,
282 199 367 239 Ave,
395 199 472 232 Iesu
498 199 664 232 hominum

333 248 485 283 Clemens
510 249 695 290 miserator,

283 298 375 331 Inter
398 306 457 330 nos
485 301 518 330 et
541 297 720 331 Dominum

333 348 465 381 Patrem
492 347 665 387 mediator,

284 397 321 431 ln
347 396 487 430 insultus
513 396 656 429 hostium

336 447 417 480 Esto
443 448 668 488 propugnator

287 495 408 529 Noster
433 505 472 529 ac
498 494 686 529 caelestium

336 545 504 579 Donorum
531 545 680 578 collator.

252 651 259 658 .
285 625 369 665 Ave,
398 633 529 666 germen
560 624 716 665 prodiens

334 674 388 707 Ab
416 683 494 715 agro
519 673 681 716 virginali,

287 723 407 763 Specie
432 726 466 756 te
494 726 667 765 contegens

337 772 404 806 Sub
431 772 672 811 sacramentali,

285 821 350 855 Cor
375 830 482 855 meum
511 822 666 855 deficiens

334 870 439 911 Culpa
465 880 546 913 prae
571 870 713 913 mortali,

283 920 421 963 Quaeso,
448 921 494 954 sis
520 919 670 953 reficiens

330 969 424 1002 Dono
451 970 603 1011 spiritali.

223 1051 254 1082 Ε.
282 1048 364 1091 Ave,
394 1048 469 1081 Iesu
497 1049 629 1091 exigens

334 1097 500 1130 Honorem
528 1107 547 1131 a
571 1098 640 1130 luto

287 1146 464 1190 Scelerum,
494 1147 700 1180 consentiens

336 1195 471 1237 Squalet
497 1205 559 1237 quo
586 1199 730 1234 versuto,

287 1244 338 1277 Sis
365 1253 417 1276 me
443 1243 549 1278 bonae
574 1249 749 1286 protegens

334 1294 519 1327 Voluntatis
545 1297 649 1337 scuto,

285 1342 331 1376 Ut
357 1352 376 1375 a
402 1351 500 1376 carne
526 1344 689 1376 transiens

334 1392 484 1425 Collocer
508 1393 543 1425 in
568 1395 650 1425 tuto.

234 1473 256 1506 ’.
284 1472 368 1513 Ave,
397 1472 521 1504 cunctis
547 1469 698 1513 gentibus

332 1521 358 1555 Ο
387 1520 584 1558 desiderate,

284 1570 337 1603 Ab
365 1570 509 1612 antiquis
534 1570 687 1612 patribus

335 1619 419 1653 Olim
447 1620 654 1663 prophetate,

282 1670 320 1703 In
348 1669 462 1711 poenis
492 1669 684 1711 degentibus

328 1719 423 1751 Assis
449 1720 613 1760 miserate,

284 1768 385 1809 Opem
414 1770 470 1809 qui
496 1768 671 1810 gemitibus

335 1817 468 1851 Crebris
494 1820 612 1859 petunt
636 1827 656 1850 a
681 1819 724 1850 te.

224 1898 256 1930 7.
283 1898 366 1938 Ave,
393 1897 444 1929 leo
471 1899 613 1940 strenue,

334 1946 395 1987 Qui
421 1955 482 1986 per
506 1947 692 1988 passionem

278 1995 421 2030 Evicisti
448 2005 590 2038 congrue

331 2045 464 2079 Tartari
492 2046 677 2085 draconem,

278 2095 431 2129 Eundem
458 2095 591 2129 assidue

330 2145 461 2186 Fugere
486 2146 613 2178 leonem

281 2195 352 2228 Fac
371 2203 434 2237 me,
462 2196 518 2237 qui
542 2195 695 2228 continue

329 2243 466 2279 Perfero
493 2245 705 2288 praedonem.

221 2327 252 2362 8.
280 2326 364 2370 Ave,
392 2325 599 2358 admirabilis

330 2375 437 2418 Super
464 2384 559 2408 omne
585 2385 697 2409 rarum

274 2426 322 2459 Et
346 2424 598 2467 magnificabilis

330 2475 437 2517 Super
463 2485 557 2509 omne
585 2475 720 2516 clarum,

764 101 999 136 ...71-

931 852 987 886 10.

933 1276 988 1310 11.

929 2128 984 2161 13.

1016 202 1158 242 Propter
1182 211 1243 234 nos
1268 210 1350 242 prae
1375 201 1500 243 angelis
1524 219 1527 222 -

1062 251 1109 283 Es
1136 251 1280 284 minutus
1306 260 1434 291 parum,

1016 299 1114 333 Unde
1140 300 1274 333 laudum
1301 299 1406 332 titulis

1064 348 1181 382 Laudo
1207 352 1240 381 te
1265 349 1412 381 istarum.

981 453 988 460 .
1015 428 1099 466 Ave,
1129 428 1210 460 caeli
1236 427 1401 469 gaudium,

1065 476 1147 520 Ave,
1178 478 1253 511 Iesu
1280 476 1419 519 Christe,

1015 526 1046 558 A
1074 529 1167 558 coetu
1193 525 1338 559 fidelium

1062 574 1166 607 Omne
1191 574 1308 616 fugans
1334 575 1440 614 triste,

1015 623 1131 657 Carnis
1157 627 1234 665 post
1260 624 1426 656 excidium

1064 672 1248 705 Clementer
1273 673 1398 716 assiste,

1014 722 1066 754 Ne
1092 722 1204 755 vincat
1229 721 1391 754 obsidium

1065 769 1190 805 Perfidi
1215 771 1393 811 sophistae.

1014 851 1097 894 Ave,
1128 851 1218 884 cuius
1245 849 1425 891 palpebrae

1065 901 1128 933 Per
1157 909 1273 941 aquam
1300 902 1422 932 renato=

1016 949 1162 983 Probant
1186 952 1285 990 atque
1307 949 1432 981 scelere

1063 998 1258 1039 Reprobant
1284 997 1444 1041 foedatos,

1012 1048 1112 1089 Legis
1136 1051 1210 1081 tuae
1236 1048 1369 1080 litterae

1062 1096 1131 1129 Nos
1157 1097 1358 1130 illuminatos

1015 1147 1172 1179 Reddant
1198 1150 1231 1178 et
1255 1154 1429 1187 resurgere

1063 1195 1203 1228 Faciant
1226 1195 1395 1236 probatos

1016 1276 1099 1314 Ave,
1131 1275 1302 1316 capitanee

1065 1323 1335 1364 Christianitatis,

1012 1374 1114 1414 Quam
1143 1372 1295 1406 defendis
1322 1382 1440 1406 aureae

1065 1422 1164 1456 Scuto
1190 1422 1351 1461 veritatis,

1018 1471 1174 1505 Precibus
1200 1472 1368 1513 virgineae

1065 1521 1166 1563 Tuae,
1194 1530 1324 1562 quaeso,
1352 1521 1465 1553 matris

1017 1570 1176 1604 Sordibus
1203 1580 1255 1603 me
1281 1579 1420 1603 carneae

1064 1619 1191 1654 Munda
1219 1620 1406 1661 voluptatis

979 1727 985 1734 .
1013 1703 1095 1743 Ave,
1123 1700 1208 1739 Iesu,
1237 1700 1354 1733 Oriens

1062 1749 1152 1782 Voce
1175 1749 1364 1791 prophetali

1014 1798 1141 1840 Dictus,
1169 1808 1244 1832 nam
1270 1798 1485 1839 progrediens

1063 1849 1095 1881 A
1123 1849 1223 1882 corde
1248 1848 1424 1890 paternali,

1015 1897 1188 1931 Saeculum
1215 1897 1399 1931 caecutiens

1064 1947 1166 1981 Oculo
1192 1947 1310 1981 morali

1013 1997 1174 2042 Illustras,
1203 1997 1348 2030 abiciens

1063 2046 1185 2080 Causas
1211 2047 1314 2080 omnis
1340 2046 1428 2080 mali.

1009 2127 1092 2167 Ave,
1118 2127 1197 2159 mihi
1225 2127 1331 2159 carior

1063 2177 1196 2211 Cunctis
1223 2186 1240 2210 o
1267 2176 1394 2219 sophia,

1013 2226 1072 2260 Cui
1100 2226 1217 2259 devote
1243 2226 1384 2259 famulor

1060 2275 1135 2309 Hac
1157 2276 1377 2318 hymnologia,

1012 2325 1183 2365 Succurre,
1213 2330 1246 2360 te
1273 2326 1444 2370 deprecor,

1062 2375 1142 2409 Cum
1168 2378 1274 2409 matre
1298 2375 1408 2409 Maria

1011 2425 1107 2465 Mihi,
1135 2426 1186 2467 qui
1217 2425 1400 2468 depopulor

1060 2475 1185 2509 Mentis
1213 2474 1394 2518 dyscrasia.
