1650 2671
724 133 991 169 ——191—

209 233 289 267 104.
317 236 399 271 Ave,
427 230 507 264 felix
536 231 678 274 domina,

363 283 436 315 Ave
462 284 513 314 ter
540 284 731 325 quaterque,

313 331 370 364 Cui
396 331 532 364 laudum
559 331 706 364 carmina

361 381 545 415 Concinuut
570 380 729 425 plerique,

311 430 383 463 Tua
410 430 632 463 consolamina

360 481 541 521 Protegant
563 479 694 520 ubique,

310 530 397 570 Quos
423 529 560 562 turbant
584 529 753 561 molimina

360 578 513 612 Hostium
539 579 661 619 inique.

201 659 282 692 105.
309 658 392 702 Ave,
420 657 513 699 virgo
540 657 666 699 gratiae

360 707 465 740 Donis
492 708 658 749 opulenta,

313 756 397 789 Nam
424 756 671 789 misericordiae

362 805 499 845 Semper
526 814 559 837 es
584 804 721 845 intenta,

310 853 475 896 Consigna
501 852 622 886 cotidie

359 902 460 935 Manu
487 911 539 933 me
566 903 699 934 extenta

308 951 354 984 Et
381 950 513 984 tandem
542 950 735 983 clementiae

356 1000 499 1034 Divinae
523 1002 708 1041 praesenta.

202 1080 285 1114 106.
312 1080 396 1124 Ave,
425 1078 665 1120 consistorium,

315 1158 318 1161 .
363 1129 401 1161 In
429 1137 491 1168 quo
519 1127 699 1161 celebravit

311 1178 458 1210 Trinitas
486 1177 670 1218 concilium,

364 1227 432 1267 Quo
460 1226 657 1260 deliberavit

312 1275 463 1309 Hominis
494 1276 638 1318 exilium,

360 1326 426 1359 Per
454 1325 541 1365 quod
569 1325 739 1369 exsulavit,

312 1375 448 1408 Solvere
475 1377 506 1406 et
532 1373 633 1407 filium

361 1424 497 1457 Mittere
523 1423 670 1457 dictavit.

202 1504 282 1538 107.
310 1504 393 1544 Ave,
420 1511 504 1543 quae
528 1503 562 1535 in
588 1503 716 1543 superis

359 1552 407 1585 Es
433 1551 632 1585 collateralis

310 1601 426 1635 Dulcis
452 1602 519 1633 nati
548 1601 692 1634 dexteris

360 1650 496 1684 Cunctis
524 1660 639 1683 carens
666 1651 771 1692 malis,

310 1700 395 1733 Laus
420 1703 476 1733 tua
501 1700 553 1733 his
580 1700 700 1733 litteris

362 1750 495 1790 Scripta
519 1750 671 1792 aliqualis

307 1800 465 1841 Protegat
492 1808 564 1831 cum
592 1799 708 1831 ceteris

359 1848 417 1881 Me
442 1848 502 1880 sub
528 1849 593 1881 tuis
620 1848 692 1882 alis.

202 1927 283 1962 108.
311 1929 394 1969 Ave,
423 1936 518 1968 quam
545 1927 725 1969 antiquitus

359 1977 545 2019 Prophetae
570 1976 745 2017 scripsere,

309 2027 466 2060 Messiam
495 2027 652 2060 divinitus

361 2077 504 2120 Gignere
532 2076 661 2121 debere,

310 2127 424 2161 Mente
450 2124 504 2159 fac
528 2136 588 2160 nos
613 2126 745 2166 penitus

359 2177 427 2219 ipsi
454 2176 647 2217 adhaerere,

310 2227 359 2261 Ut
385 2227 538 2269 dignetur
566 2225 718 2267 primitus

357 2276 516 2310 Admissa
543 2276 665 2309 delere.

200 2358 279 2391 109.
305 2357 390 2398 Ave,
418 2365 515 2398 quam
542 2355 697 2389 altissimi

354 2406 500 2440 Matrem
524 2405 653 2438 theoria

308 2454 433 2497 Scripit
457 2458 490 2487 et
513 2454 678 2488 verissimi

356 2506 449 2539 Vatis
476 2504 665 2548 prophetia,

909 459 990 493 110.

908 881 987 915 111.

908 1303 989 1337 112.

906 1729 985 1762 113.

908 2155 988 2188 114.

1019 233 1089 266 Mei
1114 232 1159 265 sis
1185 232 1389 274 pauperrimi

1067 282 1195 324 Tutrix2
1222 282 1314 322 virgo
1341 281 1406 324 pia,

1020 333 1122 372 Quem
1149 331 1322 372 perturbat
1345 329 1480 371 pessimi

1066 380 1176 415 Hostis
1205 380 1389 421 phantasia.

1018 461 1100 500 Ave,
1128 461 1207 492 natu
1232 458 1362 497 nobilis,

1068 508 1180 549 Stirpe
1203 518 1279 541 nam
1305 508 1409 548 regali

1019 557 1137 590 Genita
1166 555 1361 590 describeris

1069 607 1155 640 Voce
1180 605 1377 646 prophetali,

1017 655 1111 689 Dono
1139 655 1203 686 tuis
1230 653 1361 686 famulis

1067 703 1270 746 Sapientiali‚

1017 752 1179 785 Succurre
1203 761 1222 784 a
1248 751 1384 783 maculis

1064 800 1229 833 Mundans
1256 799 1361 833 omnis
1387 799 1475 833 mali.

1016 880 1098 923 Ave,
1121 876 1306 911 'honorifica

1064 927 1263 968 Imperatrix
1289 927 1413 967 mundi,

1013 977 1114 1017 Quam
1140 976 1278 1009 laudant-
1302 984 1363 1016 per
1390 975 1517 1008 cantica

1065 1025 1184 1060 Animo
1208 1025 1354 1066 iucundi,

1017 1075 1160 1109 Auferas
1186 1072 1337 1107 tristifica

1064 1124 1178 1158 Hostis
1205 1122 1386 1165 furibundi,

1015 1175 1077 1216 Qui
1103 1176 1197 1214 optat
1221 1182 1282 1215 pro
1308 1172 1437 1211 lubrica

1068 1222 1173 1263 Culpa
1198 1232 1256 1255 nos
1284 1219 1452 1256 confundi.

1015 1303 1098 1343 Ave,
1123 1311 1141 1334 0
1167 1301 1320 1334 munifica

1064 1352 1175 1384 Mater
1200 1350 1344 1392 pietatis,

1017 1401 1155 1434 Munera
1183 1399 1321 1432 mirifica

1066 1450 1156 1483 Dans
1182 1459 1202 1481 a
1227 1452 1260 1481 te
1286 1450 1414 1490 amatis,

1015 1499 1095 1541 Igne
1120 1507 1172 1530 me
1198 1497 1324 1531 califica

1064 1549 1156 1581 Tuae
1181 1547 1338 1589 caritatis,

1014 1598 1076 1638 Qui
1102 1597 1143 1631 ob
1171 1597 1284 1630 mundi
1306 1596 1435 1629 lubrica

1065 1648 1168 1689 Algeo
1194 1647 1351 1688 peccatis.

1013 1727 1096 1769 Ave,
1125 1736 1208 1767 quae
1235 1725 1309 1760 fons
1337 1727 1461 1769 veniae,

1065 1776 1169 1810 Stella
1194 1784 1323 1818 quoque
1348 1776 1448 1809 maris

1013 1825 1060 1858 Et
1084 1825 1332 1858 misericordiae

1063 1876 1174 1908 Mater
1200 1875 1413 1917 nuncuparis,

1014 1924 1110 1957 Filiis
1136 1925 1294 1958 ecclesiae

1066 1976 1163 2009 Dona
1189 1974 1353 2016 largiariS,

1015 2023 1046 2056 A
1072 2023 1189 2065 quibus
1217 2024 1339 2056 cotidie

1065 2073 1173 2115 Digne
1198 2073 1377 2109 veneraris.

1016 2154 1098 2197 Ave,
1127 2162 1210 2194 quae
1238 2155 1412 2187 conventui

1066 2203 1263 2237 Praesidens
1287 2206 1472 2236 sanctorum

1017 2252 1202 2287 Gratularis
1230 2253 1359 2294 plausui

1067 2302 1255 2336 Garminum
1283 2311 1403 2343 eorum,

1015 2351 1231 2386 Consolamen
1256 2352 1360 2385 luctui

1066 2401 1195 2436 Praebe
1223 2401 1463 2443 detunctorum,

1017 2451 1086 2484 Hos
1113 2452 1277 2493 iungendo
1306 2451 1412 2483 caetui

1065 2501 1170 2543 Regni
1196 2509 1425 2542 supernorum.
