1650 2671
750 94 990 132 —87-

206 191 262 225 12.
287 193 370 237 Ave,
399 193 490 225 cuius
516 193 649 226 nomine

210 618 255 652 13

209 1043 252 1075 14

198 1466 249 1499 -15

205 1892 249 1926 16

206 2322 248 2355 17

343 242 427 283 Opto
453 241 615 284 benedici,

293 291 361 324 Mei
387 299 428 323 ne
452 289 663 327 fraudamine

344 341 467 375 Gadam
494 340 631 387 inimici,

291 389 345 422 Ne
368 399 432 433 me,
461 399 591 433 quaeso,
617 392 770 432 Domine,

344 439 432 472 Velis
458 438 619 482 oblivisci,

294 488 414 522 Mortis
439 498 481 521 ne
510 489 698 524 discrimine

343 538 452 580 Stygis
478 539 594 572 tradar
619 540 698 582 pici.

263 647 269 652 .
296 619 379 661 Ave,
407 628 425 651 ο
449 618 630 653 laudabilis

344 668 429 712 Iesu,
458 677 582 701 summe
607 669 708 710 Deus,

296 718 396 758 Quem
421 717 621 751 insatiabilis

344 766 443 808 Cupit
468 776 559 801 amor
584 776 685 807 meus,

293 815 416 848 Fateor
442 816 626 856 culpabilis,

341 862 455 896 Vanus
481 868 586 897 sumet
609 874 684 897 reus

296 913 339 946 Et
363 913 593 947 abominabilis

343 963 453 996 Veluti
478 963 630 997 Iudaeus.

256 1067 263 1075 .
291 1042 373 1087 Ave,
402 1042 456 1085 qui
483 1042 526 1075 ad
553 1042 690 1076 nihilum

342 1092 480 1125 Hostem
510 1091 689 1134 deduxisti,

295 1140 375 1174 Cum
402 1149 462 1182 per
487 1140 579 1173 verbi
606 1139 761 1181 pabulum

343 1190 427 1224 Olim
453 1190 540 1222 huno
565 1189 684 1231 vicisti,

292 1240 339 1272 Et
364 1240 412 1273 510
437 1239 683 1271 tabernac-ulum

342 1288 434 1323 Caeli
457 1288 614 1332 introisti,

294 1338 362 1378 Quo
389 1338 478 1380 patri
504 1346 564 1379 per
589 1337 755 1370 saeculum

342 1386 551 1428 Conregnans
578 1386 705 1420 sedisti.

256 1493 262 1499 .
290 1468 374 1508 Ave,
402 1467 488 1506 Iesu,
515 1466 630 1498 inclita

339 1516 422 1549 Pars
447 1515 654 1558 hereditatis,

293 1567 394 1606 Quam
421 1573 483 1607 per
508 1568 565 1597 tua
590 1564 708 1598 merita

339 1615 408 1648 Das
433 1614 701 1655 praedestinatis,

289 1664 412 1697 Nostra
438 1664 529 1697 solve
556 1664 668 1697 debita

336 1714 431 1747 Dono
458 1713 592 1754 pietatis

287 1764 334 1797 Et
360 1765 407 1796 sie
432 1772 492 1795 nos
517 1762 658 1796 habilita

338 1813 452 1855 Regno
480 1813 651 1847 claritatis.

255 1919 261 1926 .
289 1894 372 1935 Ave,
399 1892 489 1925 0111115
517 1892 597 1924 ditio

339 1942 430 1975 Patri
457 1943 507 1973 est
532 1940 686 1984 aequaliS,

290 1991 376 2024 Nam
404 1993 436 2024 et
462 1990 629 2032 generatio

339 2041 464 2074 Exstat
489 2040 676 2084 aeternalis,

289 2091 361 2124 Tua
386 2099 438 2123 me
466 2090 598 2123 dileetio

337 2142 494 2182 Protegat
520 2140 580 2173 sub
608 2140 680 2183 aliS,

286 2190 339 2223 Ne
364 2191 448 2233 ignis
474 2190 627 2223 incendio

339 2241 427 2275 Urar
452 2239 654 2282 gehennalis.

254 2348 261 2355 .
290 2322 374 2361 Ave,
403 2321 488 2364 Iesu,
516 2318 655 2353 firmitas

334 2370 457 2404 Debite
483 2370 659 2412 credentis,

286 2421 398 2455 Virtus
426 2422 524 2462 atque
548 2420 671 2453 sanitas

334 2471 475 2503 Animae
503 2469 655 2512 dolentis,

918 422 973 455 18.

914 844 971 876 19.

912 1268 968 1301 20.

912 1692 968 1726 21.

913 2121 969 2153 22.

1004 193 1189 237 Comprime
1213 192 1375 226 versutias

1051 243 1164 276 Hostis
1189 242 1400 283 insurgentis,

1002 292 1063 333 Qui
1091 294 1226 325 conatur
1250 292 1375 324 animas

1049 341 1198 375 Tradere
1223 340 1404 374 tormentis.

1000 421 1083 464 Ave,
1112 420 1203 452 cuius
1229 420 1365 461 gloriam

1049 470 1278 503 Narraverunt
1304 469 1396 511 caeli,

1001 519 1157 552 Umbram
1185 518 1267 559 legis
1293 518 1418 551 variam

1048 568 1262 601 Resolventes
1289 567 1364 609 veli,

1001 617 1094 650 Pelle
1117 616 1335 658 ignorantiam

1048 665 1178 698 Famuli
1205 665 1325 707 anheli,

997 715 1174 747 Praestans
1201 714 1393 754 sapientiam

1046 763 1092 796 Et
1116 763 1269 796 ardorem
1295 763 1369 796 beli.

998 842 1082 883 Ave,
1110 842 1200 873 0111115
1224 843 1356 874 nomine

1046 892 1132 924 Dum
1159 889 1406 932 magnificamur

1000 940 1135 974 Gratiae
1159 940 1370 982 pinguedine,

1047 990 1227 1024 Plurimum
1253 989 1426 1029 laetamur,

996 1041 1028 1073 A
1054 1039 1185 1072 mortali
1212 1038 1348 1070 crimine

1050 1090 1114 1122 Per
1140 1090 1173 1119 te
1198 1091 1420 1129 protegamur,

1002 1138 1125 1172 Ultimo
1152 1137 1302 1169 examine

1046 1188 1094 1222 Ut
1120 1195 1185 1218 non
1212 1184 1462 1219 confundamur.

995 1266 1078 1308 Ave,
1105 1264 1214 1306 magni
1238 1264 1379 1297 nominis

1047 1316 1128 1350 Rex,
1157 1324 1175 1346 o
1201 1314 1278 1348 Iesu
1304 1314 1398 1355 bone,

1001 1365 1109 1398 Patris
1134 1366 1233 1405 atque
1258 1362 1399 1397 flaminis

1049 1413 1221 1454 Particeps
1249 1421 1398 1456 coronae,

996 1464 1092 1505 Mihi,
1118 1471 1210 1504 quem
1239 1463 1287 1495 sie
1312 1464 1485 1503 praevenis

1045 1512 1297 1553 Benedictione,

995 1562 1041 1595 Et
1066 1561 1280 1595 beatitudinis

1044 1612 1206 1645 Decorem
1232 1612 1376 1652 impone.

995 1694 1079 1735 Ave,
1107 1691 1162 1732 qui
1188 1691 1368 1734 opprobrio

1048 1741 1165 1783 Impiis
1190 1739 1297 1785 fuisti,

998 1791 1135 1834 Quando
1161 1791 1195 1823 in
1221 1789 1385 1832 supplicio

1047 1840 1160 1875 Crucis
1189 1839 1352 1881 defecisti,

995 1891 1095 1925 Unde
1122 1890 1222 1923 corde
1247 1891 1344 1923 anxio

1046 1939 1140 1974 Patri
1165 1942 1244 1974 tunc
1271 1940 1401 1973 dixisti:

998 1990 1063 2024 Cur
1088 1991 1121 2023 in
1148 1992 1240 2023 tanto
1268 1990 1376 2023 crucio

1045 2040 1102 2073 Me
1129 2038 1360 2082 dereliquisti}

998 2121 1081 2163 Ave,
1109 2117 1183 2153 fons
1209 2119 1400 2161 plenissime

1044 2170 1149 2213 Aquis
1175 2170 1366 2212 gratiarum,

998 2220 1128 2254 Satians
1152 2219 1339 2261 largissime

1047 2270 1143 2304 Sitim
1169 2270 1363 2309 animarum,

996 2320 1088 2362 Rogo
1114 2322 1158 2361 te,
1187 2319 1354 2352 carissime

1047 2369 1153 2412 Super
1178 2378 1273 2402 omne
1301 2378 1422 2410 earum,

995 2421 1091 2454 Meae
1117 2419 1204 2452 sitim
1231 2418 1359 2453 animae

1047 2470 1173 2503 Recrea
1196 2473 1234 2503 ut
1258 2478 1386 2510 parum.
