1650 2671
171 203 226 237 71.

174 626 230 660 ¹72.

172 1047 227 1080 73.

168 1467 223 1500 74.

173 1889 227 1921 75.

674 103 939 138 —188—

254 204 334 247 Ave,
364 213 458 245 quam
485 203 642 236 ecclesiae

305 252 424 286 Plebes
451 252 669 294 congregatim

256 301 409 335 Laudant
433 311 493 343 per
518 301 665 334 laetitiae

305 350 439 385 Cantica
464 349 631 393 globatim,

253 400 344 433 Tuae
368 400 475 433 stillas
501 400 627 441 gratiae

303 447 420 481 Funde
445 450 497 482 vel
523 449 684 490 guttatim,

255 498 299 531 Ut
325 498 452 539 pondus
478 498 618 531 inertiae

301 546 397 580 Meae
422 548 548 589 pellant
572 548 692 580 statim.

256 628 339 667 Ave,
368 626 417 658 cui
444 626 477 658 in
503 626 667 658 saeculum

305 676 345 709 In
372 675 533 707 caelorum
559 675 685 707 thronis

256 724 417 767 Regnanti
443 725 666 756 munusculum

304 772 375 806 Hoc
403 772 585 806 devotionis

255 821 403 864 Porrigo,
431 824 466 854 tu
490 822 648 854 torculum

302 870 399 904 Meae
426 870 607 903 devotionis

253 919 369 961 Reple,
395 920 522 959 petiens
547 918 700 952 frivolum

302 967 414 1001 Malae
439 968 586 1002 actionis.

254 1047 336 1080 Ave.
365 1046 416 1078 cui
442 1045 599 1078 ecclesiae

304 1095 444 1128 Sanctae
470 1104 683 1136 aggregamen

255 1144 378 1185 Iugiter
403 1143 548 1176 laetitiae

304 1191 384 1225 Fert
410 1191 642 1235 glorificamen,

254 1240 395 1274 Auferas
422 1241 576 1274 tristitiae

305 1290 402 1323 Meae
427 1293 627 1329 onustamen‚

257 1339 348 1372 Dans
378 1339 507 1373 divinae
532 1339 656 1379 gratiae

301 1387 385 1421 Mihi
411 1388 624 1429 gratulamen.

251 1467 332 1510 Ave,
361 1475 444 1507 quae
469 1466 658 1499 decentibus

301 1516 346 1548 Es
372 1515 609 1557 praerogativis

251 1564 433 1597 Perornata
459 1564 587 1606 dignius

299 1613 331 1646 A
356 1614 506 1653 personis
533 1613 628 1656 divis,

254 1662 338 1695 Meis
364 1661 564 1703 genitoribus

303 1710 444 1744 Mortuis
472 1715 503 1743 et
530 1710 612 1744 vivis

254 1759 414 1793 Succurre
442 1760 579 1793 celerius

305 1808 492 1843 Gratiarum
519 1809 609 1844 rivis,

256 1889 336 1932 Axe,
366 1886 439 1920 fons
467 1890 651 1921 nectareum

306 1936 469 1970 Praebens
494 1938 589 1970 iustis
616 1941 738 1981 potum,

256 1987 316 2027 Qui
341 1986 374 2018 in
401 1987 556 2019 membris
585 1995 735 2019 carneum

304 2035 491 2077 Frigeravit
515 2039 646 2075 motum,

254 2084 340 2117 Mihi
364 2083 418 2116 fae
443 2084 623 2126 virgineum

304 2133 436 2165 Vultum
462 2137 552 2166 tuum
578 2137 699 2176 notum,

256 2183 353 2216 Circa
379 2182 465 2215 vitae
491 2183 665 2215 terminum

308 2230 452 2264 Visitans
479 2234 656 2273 aegrotum.

262 2312 343 2351 Ave,
371 2310 461 2343 cuius
486 2318 648 2344 memoror

305 2359 424 2394 Animo
450 2359 615 2404 gaudenti,

258 2409 356 2444 Unde
382 2412 488 2442 tecum
516 2409 681 2450 colloquor

308 2459 346 2492 In
373 2459 439 2492 oda
463 2458 640 2500 praesenti,

874 428 929 461 77.

871 850 925 883 78.

870 1271 924 1304 79.

871 1691 927 1724 80.

874 2114 930 2148 81.

955 200 1070 242 Obvia,
1097 203 1131 234 te
1158 201 1328 244 deprecor,

1005 249 1102 284 Hosti
1127 250 1347 293 persequenti,

957 298 1018 340 Qui
1043 299 1107 332 iam
1135 302 1185 332 est
1208 297 1361 333 infestior

1005 348 1129 390 Populo
1156 348 1314 384 credenti.

957 431 1039 470 Ave,
1069 427 1170 470 stirps
1196 436 1214 459 0
1241 428 1375 470 caelica,

1004 476 1129 509 Ferens
1156 476 1343 517 angelorum

956 526 1088 569 Panem,
1118 526 1173 567 qui
1199 524 1352 560 famelica

1005 574 1115 607 Corda
1133 575 1321 608 devotorum

954 622 1082 665 Reficit‚
1111 633 1163 656 me
1188 623 1319 664 adplica

1005 672 1118 705 Coetui
1143 673 1300 705 iustorum

954 720 1145 755 Auferendo
1171 721 1299 755 lubrica

1001 770 1259 804 Desideriorum.

952 850 1035 891 Ave,
1061 848 1252 881 mulieribus

1003 898 1160 932 Omnibus
1185 898 1335 938 praelata

954 947 1001 981 Et
1027 947 1150 979 cunctis
1178 947 1386 981 credentibus

1002 996 1040 1030 In
1065 999 1234 1036 patronam
1264 996 1351 1038 data,

953 1044 1035 1077 Esto
1061 1044 1304 1085 paenitentibus

1002 1093 1107 1126 Nobis
1133 1094 1303 1134 advocata,

955 1142 1000 1176 Ut
1028 1142 1167 1175 dilectus
1193 1140 1280 1174 filius

1003 1190 1173 1225 condonet
1197 1193 1344 1231 peccata.

952 1271 1035 1311 Ave,
1063 1269 1143 1302 felix
1170 1270 1332 1312 gemmula

1002 1318 1088 1352 Miro
1114 1320 1211 1352 modo
1237 1319 1355 1361 nitens,

955 1367 1048 1402 Omni
1075 1377 1206 1409 semper
1231 1369 1359 1401 macula

1003 1416 1218 1450 Peccatorum
1244 1426 1370 1458 carens,

955 1468 1066 1498 Aaron
1093 1468 1128 1498 tu
1155 1466 1283 1507 virgula

1005 1514 1139 1555 Absque
1164 1523 1260 1548 succo
1286 1514 1417 1558 florens,

955 1563 1090 1597 Gratiae
1116 1564 1291 1606 amygdala

1003 1612 1198 1647 Christianis
1224 1611 1346 1647 ferens.

954 1692 1036 1731 Ave,
1065 1689 1245 1724 fructuaria

1003 1739 1111 1782 Stirps
1136 1739 1299 1781 praebens
1326 1740 1484 1774 frumenti

955 1789 1097 1829 Adipem
1125 1798 1196 1822 cum
1223 1790 1330 1830 gratia

1003 1839 1142 1873 Animae
1169 1839 1328 1881 credenti,

954 1887 1027 1921 Hac
1052 1887 1159 1921 laudis
1185 1888 1324 1921 materia

1003 1936 1080 1970 Tibi
1105 1937 1263 1970 servienti

958 1985 1052 2019 Assis
1078 1996 1098 2018 a
1123 1986 1256 2019 miseria

1004 2035 1122 2068 Mundi
1151 2036 1337 2071 divertenti.

958 2114 1041 2152 Ave,
1063 2119 1154 2147 euius
1179 2123 1281 2154 opera

1006 2162 1052 2196 Et
1078 2162 1277 2205 benignitate

958 2211 1103 2245 Solvitur
1128 2221 1219 2244 mens
1246 2212 1365 2245 misera

1006 2260 1059 2294 Ab
1084 2261 1267 2302 iniquitate,

959 2312 1017 2345 Me
1041 2310 1203 2350 pupillum
1227 2310 1334 2344 libera

1007 2358 1060 2393 Ab
1088 2359 1290 2393 adversitate

959 2409 1093 2450 Deoque
1120 2408 1318 2443 confoedera

1010 2458 1089 2492 Cum
1117 2458 1318 2493 celebritate.
