1650 2671
160 230 238 264 103.

163 653 245 687 104.

161 1073 240 1106 105.

160 1492 241 1525 106.

157 1910 237 1945 107.

157 2333 239 2368 108.

684 133 946 170 —206—

267 229 348 273 Ave,
378 239 478 263 cornu
505 231 611 263 oleum

316 279 457 312 Servans
483 280 658 321 unctionis,

268 326 405 370 Levigat
431 329 517 369 quod
543 329 700 370 impetum

316 375 570 420 Persecutionis‚

269 424 320 458 Sis
346 426 428 458 mihi
454 426 654 467 praesidium

317 475 480 517 Tempore
505 475 628 518 agonis,

268 524 319 557 Ne
345 525 456 558 vincat
478 524 640 558 obsidium

316 574 472 607 Barathri
500 575 661 608 draconis.

269 653 352 695 Ave,
381 662 476 694 quam
502 662 589 686 nunc
612 662 752 686 veneror

315 702 389 735 Hac
413 702 448 734 in
475 702 648 745 cantilena,

267 751 314 784 Es
339 761 414 784 nam
442 751 566 783 cunctis
592 751 736 784 sanctior

318 799 497 841 Grratiaque
521 801 629 842 plena,

269 848 346 881 Cum
376 848 494 890 Maria,
520 849 687 890 deprecorT

315 897 409 929 Assis
435 896 644 940 Magdalena,

270 945 406 979 Solvens
429 954 492 987 me,
520 955 582 987 qua
607 946 769 987 implicor,

317 994 481 1027 Scelerum
509 998 633 1029 catena.

267 1072 349 1113 Ave,
376 1073 432 1105 lux
459 1073 614 1114 virginea,

318 1121 485 1154 Tenebras
511 1122 639 1163 peccati

271 1170 398 1202 Pellens
425 1179 464 1203 ac
495 1179 631 1204 erronea

317 1219 433 1251 Mundi
462 1219 633 1260 depravati

268 1267 383 1300 Cordis
409 1268 472 1299 mei
498 1277 596 1301 saxea

314 1316 422 1349 Onera
447 1318 570 1350 caecati

266 1363 371 1397 Aufer
397 1369 429 1397 et
454 1374 514 1406 per
540 1374 659 1398 carnea

316 1413 405 1446 Vitia
430 1413 561 1448 foedati.

268 1491 350 1533 Ave,
379 1492 443 1524 dux
471 1492 647 1524 errantium

316 1540 354 1572 In
381 1541 492 1573 mundi
518 1540 675 1583 procella,

269 1588 390 1628 Quibus
418 1590 476 1621 das
500 1590 698 1630 praesidium

321 1637 416 1670 Velut
441 1639 539 1670 maris
566 1638 672 1680 stella,

266 1687 331 1719 Pro
357 1687 450 1720 nobis
476 1687 518 1719 ad
545 1686 656 1728 filium,

317 1735 447 1777 Precor,
473 1736 659 1778 interpella,

267 1785 379 1817 Hostis
405 1787 442 1816 ut
467 1785 629 1817 obsidium

315 1832 455 1866 Auferat
481 1837 512 1866 et
537 1833 634 1867 bella.

264 1911 347 1954 Ave,
373 1912 495 1945 Christi
521 1912 650 1945 Domini

315 1960 473 1993 Genetrix
500 1962 614 2003 electa,

266 2009 362 2042 Nunc
387 2010 583 2043 beatitudini

316 2059 486 2092 Caelorum
511 2060 650 2098 invecta,

263 2107 409 2148 Adplica
433 2108 509 2140 huic
536 2109 671 2142 carmini

312 2156 430 2200 Aures,
458 2158 502 2189 mi
529 2158 659 2200 dilecta,

265 2204 341 2237 Tibi
367 2206 455 2246 quod¹
479 2216 565 2239 nunc
591 2207 693 2239 cecini

312 2253 426 2287 Mente
452 2255 697 2297 circumspecta.

266 2333 347 2372 Ave,
375 2332 467 2374 virgo
493 2332 625 2365 luminis

317 2381 438 2415 Caelici
463 2382 607 2426 lucerna,

266 2432 335 2473 Quo
363 2431 472 2464 devoti
497 2431 637 2464 hominis

313 2481 511 2514 Lustrantur
535 2480 676 2525 interna,

971 231 1039 264 Mei
1065 232 1109 264 sis
1136 233 1307 273 geniminis

1020 279 1177 312 Adiutrix
1201 283 1358 323 materna,

972 328 1046 361 Hoc
1071 338 1090 361 a
1116 328 1191 361 labe
1218 329 1362 361 criminis

1019 377 1204 410 Absolvens
1228 380 1372 411 veterna.

862 456 943 490 109.
970 457 1052 500 Ave,
1081 454 1175 488 fortis
1201 457 1329 498 mulier,

1021 505 1110 537 Pede
1136 515 1218 546 quae
1239 506 1358 540 trivisti

973 554 1127 587 Satanam
1153 557 1231 599 tunc
1256 555 1395 600 fortiter,

1022 603 1158 644 Quando
1184 605 1324 646 genuisti

973 653 1077 686 Nobis
1102 653 1298 686 mirabiliter

1021 703 1147 743 Corpus
1172 702 1249 736 Iesu
1275 702 1409 745 Christi,

971 751 1145 784 Credulam
1172 761 1235 793 quo
1260 752 1399 785 dulciter

1020 800 1153 832 Plebem
1177 799 1332 835 refecisti.

861 879 942 912 110.
971 880 1051 917 Ave,
1080 877 1160 912 felix
1187 878 1319 922 femina,

1018 926 1169 960 Sanctior
1193 937 1274 969 prae
1301 929 1436 970 cunctis,

969 975 1055 1009 Diva
1079 985 1140 1017 per
1164 977 1343 1017 spiramina

1018 1024 1210 1058 Chrismatis
1234 1026 1387 1068 inunctis,

965 1075 1103 1107 Praesta
1128 1075 1349 1107 consolamina

1019 1123 1108 1155 Vivis
1134 1132 1173 1155 ac
1200 1122 1372 1167 defunctis,

969 1172 1050 1204 Mihi
1077 1180 1136 1212 per
1161 1172 1315 1213 ligamina

1017 1220 1164 1254 Naturae
1190 1222 1381 1256 coniunctis,

859 1299 939 1333 111.
968 1299 1050 1341 Ave,
1080 1300 1169 1331 cuius
1193 1300 1329 1341 largitas

1010 1348 1101 1381 Iuste
1127 1349 1383 1391 commendatur,

967 1396 1147 1437 Pauperum
1173 1398 1346 1431 modicitas

1015 1445 1084 1485 Qua
1107 1446 1337 1491 locupletatur,

960 1494 1204 1527 Adversantum
1231 1497 1380 1536 pravitas

1012 1543 1079 1575 Per
1104 1546 1137 1575 te
1162 1545 1368 1585 propellatur

964 1592 1016 1624 Ab·
1043 1592 1104 1634 his,
1132 1602 1267 1634 quorum
1294 1595 1401 1635 pietas

1010 1641 1086 1674 Tibi
1112 1640 1299 1677 famulatur.

856 1719 938 1752 112.
966 1720 1048 1760 Ave,
1077 1729 1094 1752 o
1121 1720 1305 1753 humillima

1013 1768 1102 1801 Caeli
1128 1770 1327 1802 dominatrix

959 1817 1005 1850 Et
1030 1826 1107 1850 vere
1129 1819 1316 1859 largissima

1014 1866 1203 1900 Gratiarum
1232 1868 1351 1910 datrix,

960 1915 1034 1948 Hac
1058 1916 1157 1949 laude
1181 1918 1429 1959 promptissima

1012 1965 1115 2008 Rogo,
1142 1966 1187 1998 mi
1213 1967 1367 2009 amatrix,

965 2014 1043 2047 Mea
1067 2024 1128 2057 per
1154 2019 1187 2047 te
1213 2016 1322 2049 anima

1011 2064 1175 2106 Resurgat
1200 2066 1380 2109 peccatrix.

844 2141 925 2176 113.
952 2143 1034 2184 Ave,
1064 2143 1178 2176 domus
1201 2145 1328 2177 numini

1015 2191 1145 2225 Summo
1174 2193 1329 2227 dedicata

964 2239 1011 2272 Et
1035 2241 1161 2274 misello
1187 2242 1309 2275 homini

1014 2289 1053 2321 In
1080 2290 1207 2330 asylum
1236 2291 1323 2331 data,

969 2336 1037 2369 Nos
1061 2338 1133 2371 laus
1160 2339 1244 2372 haec
1260 2349 1346 2373 nunc
1363 2343 1488 2376 nomini

1014 2386 1083 2419 Tuo
1112 2387 1285 2421 decantata

964 2435 1083 2476 Iungat
1106 2437 1327 2478 aggregamini

1015 2484 1052 2516 In
1079 2484 1148 2518 vita
1172 2484 1280 2521 beata.
