<?xml version="1.0" encoding="UTF-8"?>
<!DOCTYPE html PUBLIC "-//W3C//DTD XHTML 1.0 Transitional//EN"
    "http://www.w3.org/TR/xhtml1/DTD/xhtml1-transitional.dtd">
<html xmlns="http://www.w3.org/1999/xhtml" xml:lang="en" lang="en">
 <head>
  <title>
</title>
<meta http-equiv="Content-Type" content="text/html;charset=utf-8" />
  <meta name='ocr-system' content='tesseract 3.04.00' />
  <meta name='ocr-capabilities' content='ocr_page ocr_carea ocr_par ocr_line ocrx_word'/>
</head>
<body>
  <div class='ocr_page' id='page_1' title='image "./analectahymnica38drevuoft_00176.png"; bbox 0 0 1650 2671; ppageno 0'>
   <div class='ocr_carea' id='block_1_1' title="bbox 775 130 1044 167">
    <p class='ocr_par' dir='ltr' id='par_1_1' title="bbox 775 130 1044 167">
     <span class='ocr_line' id='line_1_1' title="bbox 775 130 1044 167; baseline 0.004 -1"><span class='ocrx_word' id='word_1_1' title='bbox 775 130 1044 167; x_wconf 84' lang='lat'><strong>—173—</strong></span> 
     </span>
    </p>
   </div>
   <div class='ocr_carea' id='block_1_2' title="bbox 246 228 825 411">
    <p class='ocr_par' dir='ltr' id='par_1_2' title="bbox 246 228 825 411">
     <span class='ocr_line' id='line_1_2' title="bbox 246 228 758 272; baseline -0.002 -10"><span class='ocrx_word' id='word_1_2' title='bbox 246 229 303 263; x_wconf 84' lang='lat'><strong>29.</strong></span> <span class='ocrx_word' id='word_1_3' title='bbox 317 229 399 272; x_wconf 84' lang='lat' dir='ltr'><strong>Ave,</strong></span> <span class='ocrx_word' id='word_1_4' title='bbox 427 228 517 261; x_wconf 89' lang='lat' dir='ltr'><strong>cuius</strong></span> <span class='ocrx_word' id='word_1_5' title='bbox 543 229 577 261; x_wconf 89' lang='lat' dir='ltr'><strong>in</strong></span> <span class='ocrx_word' id='word_1_6' title='bbox 603 229 758 271; x_wconf 86' lang='lat' dir='ltr'><strong>gaudium</strong></span> 
     </span>
     <span class='ocr_line' id='line_1_3' title="bbox 312 278 825 321; baseline -0.002 -9"><span class='ocrx_word' id='word_1_7' title='bbox 312 278 469 312; x_wconf 84' lang='lat' dir='ltr'>Planctus</span> <span class='ocrx_word' id='word_1_8' title='bbox 497 287 609 311; x_wconf 86' lang='lat' dir='ltr'><strong>versus</strong></span> <span class='ocrx_word' id='word_1_9' title='bbox 636 288 697 321; x_wconf 86' lang='lat' dir='ltr'><strong>per</strong></span> <span class='ocrx_word' id='word_1_10' title='bbox 723 278 825 311; x_wconf 85' lang='lat' dir='ltr'><strong>filium</strong></span> 
     </span>
     <span class='ocr_line' id='line_1_4' title="bbox 311 327 720 369; baseline -0.002 -8"><span class='ocrx_word' id='word_1_11' title='bbox 311 327 549 369; x_wconf 85' lang='lat' dir='ltr'><strong>Resurgentem</strong></span> <span class='ocrx_word' id='word_1_12' title='bbox 578 328 720 362; x_wconf 87' lang='lat' dir='ltr'><strong>diluculo</strong></span> 
     </span>
     <span class='ocr_line' id='line_1_5' title="bbox 312 377 708 411; baseline 0.003 -1"><span class='ocrx_word' id='word_1_13' title='bbox 312 377 481 410; x_wconf 87' lang='lat' dir='ltr'><strong>Potestate</strong></span> <span class='ocrx_word' id='word_1_14' title='bbox 506 378 547 410; x_wconf 91' lang='lat' dir='ltr'><strong>de</strong></span> <span class='ocrx_word' id='word_1_15' title='bbox 573 379 708 411; x_wconf 89' lang='lat' dir='ltr'><strong>tumulo.</strong></span> 
     </span>
    </p>
   </div>
   <div class='ocr_carea' id='block_1_3' title="bbox 235 465 878 649">
    <p class='ocr_par' dir='ltr' id='par_1_3' title="bbox 235 465 878 649">
     <span class='ocr_line' id='line_1_6' title="bbox 235 465 820 509; baseline 0 -10"><span class='ocrx_word' id='word_1_16' title='bbox 235 466 293 500; x_wconf 90' lang='lat'><strong>30.</strong></span> <span class='ocrx_word' id='word_1_17' title='bbox 309 465 396 504; x_wconf 53' lang='lat' dir='ltr'><strong>Ave.</strong></span> <span class='ocrx_word' id='word_1_18' title='bbox 418 467 602 507; x_wconf 83' lang='lat' dir='ltr'><strong>protectrix</strong></span> <span class='ocrx_word' id='word_1_19' title='bbox 628 476 820 509; x_wconf 88' lang='lat' dir='ltr'><strong>pauperum,</strong></span> 
     </span>
     <span class='ocr_line' id='line_1_7' title="bbox 308 514 878 560; baseline 0.002 -13"><span class='ocrx_word' id='word_1_20' title='bbox 308 514 460 548; x_wconf 80' lang='lat' dir='ltr'>Solamen</span> <span class='ocrx_word' id='word_1_21' title='bbox 482 516 645 557; x_wconf 89' lang='lat' dir='ltr'><strong>praebens</strong></span> <span class='ocrx_word' id='word_1_22' title='bbox 672 525 878 560; x_wconf 82' lang='lat' dir='ltr'><strong>prosperum,</strong></span> 
     </span>
     <span class='ocr_line' id='line_1_8' title="bbox 308 565 780 608; baseline 0.002 -11"><span class='ocrx_word' id='word_1_23' title='bbox 308 565 346 597; x_wconf 91' lang='lat' dir='ltr'><strong>In</strong></span> <span class='ocrx_word' id='word_1_24' title='bbox 374 567 407 597; x_wconf 92' lang='lat' dir='ltr'><strong>te</strong></span> <span class='ocrx_word' id='word_1_25' title='bbox 433 566 608 607; x_wconf 87' lang='lat' dir='ltr'><strong>sperantis,</strong></span> <span class='ocrx_word' id='word_1_26' title='bbox 639 566 780 608; x_wconf 87' lang='lat' dir='ltr'><strong>domina,</strong></span> 
     </span>
     <span class='ocr_line' id='line_1_9' title="bbox 311 613 750 649; baseline 0.005 -2"><span class='ocrx_word' id='word_1_27' title='bbox 311 613 421 647; x_wconf 90' lang='lat' dir='ltr'><strong>Visum</strong></span> <span class='ocrx_word' id='word_1_28' title='bbox 448 615 566 648; x_wconf 86' lang='lat' dir='ltr'><strong>mentis</strong></span> <span class='ocrx_word' id='word_1_29' title='bbox 591 615 750 649; x_wconf 87' lang='lat' dir='ltr'><strong>illumina.</strong></span> 
     </span>
    </p>
   </div>
   <div class='ocr_carea' id='block_1_4' title="bbox 234 703 781 891">
    <p class='ocr_par' dir='ltr' id='par_1_4' title="bbox 234 703 781 891">
     <span class='ocr_line' id='line_1_10' title="bbox 234 703 780 745; baseline -0.002 -9"><span class='ocrx_word' id='word_1_30' title='bbox 234 703 291 736; x_wconf 87' lang='lat'><strong>31.</strong></span> <span class='ocrx_word' id='word_1_31' title='bbox 309 703 389 744; x_wconf 83' lang='lat' dir='ltr'><strong>Ave,</strong></span> <span class='ocrx_word' id='word_1_32' title='bbox 417 712 478 744; x_wconf 90' lang='lat' dir='ltr'><strong>per</strong></span> <span class='ocrx_word' id='word_1_33' title='bbox 503 713 598 745; x_wconf 89' lang='lat' dir='ltr'><strong>quam</strong></span> <span class='ocrx_word' id='word_1_34' title='bbox 627 703 780 737; x_wconf 88' lang='lat' dir='ltr'><strong>diviuitas</strong></span> 
     </span>
     <span class='ocr_line' id='line_1_11' title="bbox 308 751 781 795; baseline 0 -11"><span class='ocrx_word' id='word_1_35' title='bbox 308 751 430 785; x_wconf 90' lang='lat' dir='ltr'><strong>Sordes</strong></span> <span class='ocrx_word' id='word_1_36' title='bbox 459 753 548 785; x_wconf 88' lang='lat' dir='ltr'><strong>delet</strong></span> <span class='ocrx_word' id='word_1_37' title='bbox 573 752 781 795; x_wconf 84' lang='lat' dir='ltr'><strong>praeteritas,</strong></span> 
     </span>
     <span class='ocr_line' id='line_1_12' title="bbox 305 800 653 834; baseline 0.006 -2"><span class='ocrx_word' id='word_1_38' title='bbox 305 800 383 833; x_wconf 88' lang='lat' dir='ltr'><strong>Mea</strong></span> <span class='ocrx_word' id='word_1_39' title='bbox 410 804 546 834; x_wconf 89' lang='lat' dir='ltr'><strong>veterna</strong></span> <span class='ocrx_word' id='word_1_40' title='bbox 573 802 653 834; x_wconf 86' lang='lat' dir='ltr'><strong>vitia</strong></span> 
     </span>
     <span class='ocr_line' id='line_1_13' title="bbox 304 848 685 891; baseline 0.008 -10"><span class='ocrx_word' id='word_1_41' title='bbox 304 848 393 891; x_wconf 87' lang='lat' dir='ltr'><strong>Tege</strong></span> <span class='ocrx_word' id='word_1_42' title='bbox 419 853 475 882; x_wconf 87' lang='lat' dir='ltr'><strong>tua</strong></span> <span class='ocrx_word' id='word_1_43' title='bbox 501 851 685 886; x_wconf 86' lang='lat' dir='ltr'><strong>elementia.</strong></span> 
     </span>
    </p>
   </div>
   <div class='ocr_carea' id='block_1_5' title="bbox 229 937 792 1126">
    <p class='ocr_par' dir='ltr' id='par_1_5' title="bbox 229 937 792 1126">
     <span class='ocr_line' id='line_1_14' title="bbox 229 937 792 982; baseline 0 -12"><span class='ocrx_word' id='word_1_44' title='bbox 229 937 286 970; x_wconf 84' lang='lat'><strong>32.</strong></span> <span class='ocrx_word' id='word_1_45' title='bbox 304 937 385 982; x_wconf 83' lang='lat' dir='ltr'><strong>Ave,</strong></span> <span class='ocrx_word' id='word_1_46' title='bbox 413 937 517 980; x_wconf 85' lang='lat' dir='ltr'><strong>virgo,</strong></span> <span class='ocrx_word' id='word_1_47' title='bbox 544 947 640 979; x_wconf 90' lang='lat' dir='ltr'><strong>quam</strong></span> <span class='ocrx_word' id='word_1_48' title='bbox 668 937 792 971; x_wconf 90' lang='lat' dir='ltr'><strong>eminus</strong></span> 
     </span>
     <span class='ocr_line' id='line_1_15' title="bbox 304 985 755 1028; baseline 0.002 -10"><span class='ocrx_word' id='word_1_49' title='bbox 304 985 395 1019; x_wconf 88' lang='lat' dir='ltr'><strong>Caeli</strong></span> <span class='ocrx_word' id='word_1_50' title='bbox 420 987 568 1028; x_wconf 75' lang='lat' dir='ltr'><strong>respexit</strong></span> <span class='ocrx_word' id='word_1_51' title='bbox 595 988 755 1028; x_wconf 87' lang='lat' dir='ltr'><strong>dominus,</strong></span> 
     </span>
     <span class='ocr_line' id='line_1_16' title="bbox 299 1036 775 1078; baseline -0.002 -9"><span class='ocrx_word' id='word_1_52' title='bbox 299 1036 385 1071; x_wconf 83' lang='lat' dir='ltr'><strong>Cum</strong></span> <span class='ocrx_word' id='word_1_53' title='bbox 400 1036 440 1068; x_wconf 94' lang='lat' dir='ltr'><strong>ob</strong></span> <span class='ocrx_word' id='word_1_54' title='bbox 468 1037 606 1069; x_wconf 85' lang='lat' dir='ltr'><strong>salutem</strong></span> <span class='ocrx_word' id='word_1_55' title='bbox 631 1036 775 1078; x_wconf 85' lang='lat' dir='ltr'><strong>gentium</strong></span> 
     </span>
     <span class='ocr_line' id='line_1_17' title="bbox 298 1084 688 1126; baseline 0.008 -10"><span class='ocrx_word' id='word_1_56' title='bbox 298 1084 347 1117; x_wconf 89' lang='lat' dir='ltr'><strong>Te</strong></span> <span class='ocrx_word' id='word_1_57' title='bbox 373 1085 472 1126; x_wconf 86' lang='lat' dir='ltr'><strong>elegit</strong></span> <span class='ocrx_word' id='word_1_58' title='bbox 498 1085 688 1126; x_wconf 78' lang='lat' dir='ltr'>hospitium.</span> 
     </span>
    </p>
   </div>
   <div class='ocr_carea' id='block_1_6' title="bbox 230 1173 808 1355">
    <p class='ocr_par' dir='ltr' id='par_1_6' title="bbox 230 1173 808 1355">
     <span class='ocr_line' id='line_1_18' title="bbox 230 1173 702 1216; baseline -0.002 -10"><span class='ocrx_word' id='word_1_59' title='bbox 230 1173 287 1206; x_wconf 82' lang='lat'><strong>33.</strong></span> <span class='ocrx_word' id='word_1_60' title='bbox 303 1173 388 1216; x_wconf 90' lang='lat' dir='ltr'><strong>Ave,</strong></span> <span class='ocrx_word' id='word_1_61' title='bbox 416 1173 508 1205; x_wconf 82' lang='lat' dir='ltr'><strong>ouius</strong></span> <span class='ocrx_word' id='word_1_62' title='bbox 534 1174 702 1207; x_wconf 80' lang='lat' dir='ltr'><strong>humilitas</strong></span> 
     </span>
     <span class='ocr_line' id='line_1_19' title="bbox 298 1222 729 1267; baseline 0.002 -12"><span class='ocrx_word' id='word_1_63' title='bbox 298 1222 370 1255; x_wconf 89' lang='lat' dir='ltr'><strong>Deo</strong></span> <span class='ocrx_word' id='word_1_64' title='bbox 396 1223 509 1263; x_wconf 87' lang='lat' dir='ltr'><strong>placet</strong></span> <span class='ocrx_word' id='word_1_65' title='bbox 535 1226 566 1255; x_wconf 90' lang='lat' dir='ltr'><strong>et</strong></span> <span class='ocrx_word' id='word_1_66' title='bbox 592 1223 729 1267; x_wconf 49' lang='lat' dir='ltr'><strong>puritaa</strong></span> 
     </span>
     <span class='ocr_line' id='line_1_20' title="bbox 300 1272 808 1314; baseline 0.002 -10"><span class='ocrx_word' id='word_1_67' title='bbox 300 1273 331 1313; x_wconf 83' lang='grc' dir='ltr'>ᾼ</span> <span class='ocrx_word' id='word_1_68' title='bbox 358 1278 472 1313; x_wconf 89' lang='lat' dir='ltr'><strong>morte,</strong></span> <span class='ocrx_word' id='word_1_69' title='bbox 506 1281 637 1314; x_wconf 84' lang='lat' dir='ltr'><strong>quaeso,</strong></span> <span class='ocrx_word' id='word_1_70' title='bbox 665 1272 808 1313; x_wconf 89' lang='lat' dir='ltr'><strong>pessima</strong></span> 
     </span>
     <span class='ocr_line' id='line_1_21' title="bbox 300 1320 739 1355; baseline 0.002 -2"><span class='ocrx_word' id='word_1_71' title='bbox 300 1320 357 1353; x_wconf 92' lang='lat' dir='ltr'><strong>Me</strong></span> <span class='ocrx_word' id='word_1_72' title='bbox 382 1330 477 1354; x_wconf 90' lang='lat' dir='ltr'><strong>serva</strong></span> <span class='ocrx_word' id='word_1_73' title='bbox 506 1322 588 1354; x_wconf 88' lang='lat' dir='ltr'><strong>hora</strong></span> <span class='ocrx_word' id='word_1_74' title='bbox 615 1322 739 1355; x_wconf 89' lang='lat' dir='ltr'><strong>ultima.</strong></span> 
     </span>
    </p>
   </div>
   <div class='ocr_carea' id='block_1_7' title="bbox 227 1410 789 1599">
    <p class='ocr_par' dir='ltr' id='par_1_7' title="bbox 227 1410 789 1599">
     <span class='ocr_line' id='line_1_22' title="bbox 227 1410 691 1454; baseline -0.002 -10"><span class='ocrx_word' id='word_1_75' title='bbox 227 1410 285 1444; x_wconf 86' lang='lat'><strong>34.</strong></span> <span class='ocrx_word' id='word_1_76' title='bbox 300 1410 381 1454; x_wconf 83' lang='lat' dir='ltr'><strong>Ave,</strong></span> <span class='ocrx_word' id='word_1_77' title='bbox 406 1410 482 1443; x_wconf 89' lang='lat' dir='ltr'><strong>lana</strong></span> <span class='ocrx_word' id='word_1_78' title='bbox 509 1410 691 1452; x_wconf 83' lang='lat' dir='ltr'>candidior,</span> 
     </span>
     <span class='ocr_line' id='line_1_23' title="bbox 303 1458 769 1502; baseline 0.002 -11"><span class='ocrx_word' id='word_1_79' title='bbox 303 1458 402 1492; x_wconf 88' lang='lat' dir='ltr'><strong>Cuius</strong></span> <span class='ocrx_word' id='word_1_80' title='bbox 428 1459 461 1491; x_wconf 92' lang='lat' dir='ltr'><strong>in</strong></span> <span class='ocrx_word' id='word_1_81' title='bbox 488 1459 586 1492; x_wconf 85' lang='lat' dir='ltr'><strong>laude</strong></span> <span class='ocrx_word' id='word_1_82' title='bbox 611 1459 769 1502; x_wconf 84' lang='lat' dir='ltr'><strong>gratulor,</strong></span> 
     </span>
     <span class='ocr_line' id='line_1_24' title="bbox 299 1508 753 1548; baseline 0 -7"><span class='ocrx_word' id='word_1_83' title='bbox 299 1508 350 1541; x_wconf 86' lang='lat' dir='ltr'><strong>Da</strong></span> <span class='ocrx_word' id='word_1_84' title='bbox 377 1509 540 1541; x_wconf 87' lang='lat' dir='ltr'><strong>neminem</strong></span> <span class='ocrx_word' id='word_1_85' title='bbox 565 1508 753 1548; x_wconf 84' lang='lat' dir='ltr'><strong>calumnier,</strong></span> 
     </span>
     <span class='ocr_line' id='line_1_25' title="bbox 299 1557 789 1599; baseline 0.006 -9"><span class='ocrx_word' id='word_1_86' title='bbox 299 1557 414 1590; x_wconf 83' lang='lat' dir='ltr'><strong>Donec</strong></span> <span class='ocrx_word' id='word_1_87' title='bbox 440 1558 492 1599; x_wconf 89' lang='lat' dir='ltr'><strong>qui</strong></span> <span class='ocrx_word' id='word_1_88' title='bbox 521 1567 619 1591; x_wconf 83' lang='lat' dir='ltr'><strong>earne</strong></span> <span class='ocrx_word' id='word_1_89' title='bbox 644 1566 789 1593; x_wconf 85' lang='lat' dir='ltr'><strong>revocer.</strong></span> 
     </span>
    </p>
   </div>
   <div class='ocr_carea' id='block_1_8' title="bbox 223 1646 793 1838">
    <p class='ocr_par' dir='ltr' id='par_1_8' title="bbox 223 1646 793 1838">
     <span class='ocr_line' id='line_1_26' title="bbox 223 1646 793 1690; baseline -0.002 -9"><span class='ocrx_word' id='word_1_90' title='bbox 223 1648 280 1681; x_wconf 88' lang='lat'><strong>35.</strong></span> <span class='ocrx_word' id='word_1_91' title='bbox 294 1647 378 1689; x_wconf 85' lang='lat' dir='ltr'><strong>Ave,</strong></span> <span class='ocrx_word' id='word_1_92' title='bbox 404 1656 465 1688; x_wconf 89' lang='lat' dir='ltr'><strong>per</strong></span> <span class='ocrx_word' id='word_1_93' title='bbox 491 1656 586 1689; x_wconf 87' lang='lat' dir='ltr'><strong>quam</strong></span> <span class='ocrx_word' id='word_1_94' title='bbox 617 1646 793 1690; x_wconf 82' lang='lat' dir='ltr'><strong>superbiae</strong></span> 
     </span>
     <span class='ocr_line' id='line_1_27' title="bbox 295 1696 748 1740; baseline 0 -11"><span class='ocrx_word' id='word_1_95' title='bbox 295 1696 367 1730; x_wconf 86' lang='lat' dir='ltr'><strong>Rex</strong></span> <span class='ocrx_word' id='word_1_96' title='bbox 393 1706 571 1738; x_wconf 85' lang='lat' dir='ltr'><strong>suasorque</strong></span> <span class='ocrx_word' id='word_1_97' title='bbox 597 1696 748 1740; x_wconf 87' lang='lat' dir='ltr'><strong>inergiae</strong></span> 
     </span>
     <span class='ocr_line' id='line_1_28' title="bbox 292 1745 679 1780; baseline 0 -1"><span class='ocrx_word' id='word_1_98' title='bbox 292 1747 323 1779; x_wconf 88' lang='lat' dir='ltr'>A</span> <span class='ocrx_word' id='word_1_99' title='bbox 351 1746 505 1779; x_wconf 81' lang='lat' dir='ltr'><strong>cordibus</strong></span> <span class='ocrx_word' id='word_1_100' title='bbox 532 1745 679 1780; x_wconf 88' lang='lat' dir='ltr'><strong>fidelium</strong></span> 
     </span>
     <span class='ocr_line' id='line_1_29' title="bbox 293 1795 709 1838; baseline 0.005 -11"><span class='ocrx_word' id='word_1_101' title='bbox 293 1795 485 1836; x_wconf 86' lang='lat' dir='ltr'><strong>Expellitur</strong></span> <span class='ocrx_word' id='word_1_102' title='bbox 511 1805 571 1838; x_wconf 91' lang='lat' dir='ltr'><strong>per</strong></span> <span class='ocrx_word' id='word_1_103' title='bbox 594 1795 709 1829; x_wconf 91' lang='lat' dir='ltr'><strong>filium.</strong></span> 
     </span>
    </p>
   </div>
   <div class='ocr_carea' id='block_1_9' title="bbox 222 1884 769 2066">
    <p class='ocr_par' dir='ltr' id='par_1_9' title="bbox 222 1884 769 2066">
     <span class='ocr_line' id='line_1_30' title="bbox 222 1884 758 1925; baseline -0.004 -7"><span class='ocrx_word' id='word_1_104' title='bbox 222 1885 279 1918; x_wconf 87' lang='lat'><strong>36.</strong></span> <span class='ocrx_word' id='word_1_105' title='bbox 294 1884 376 1923; x_wconf 89' lang='lat' dir='ltr'><strong>Ave,</strong></span> <span class='ocrx_word' id='word_1_106' title='bbox 405 1893 469 1925; x_wconf 89' lang='lat' dir='ltr'><strong>qua</strong></span> <span class='ocrx_word' id='word_1_107' title='bbox 494 1884 588 1917; x_wconf 91' lang='lat' dir='ltr'><strong>nobis</strong></span> <span class='ocrx_word' id='word_1_108' title='bbox 614 1884 758 1925; x_wconf 82' lang='lat' dir='ltr'><strong>moriger</strong></span> 
     </span>
     <span class='ocr_line' id='line_1_31' title="bbox 295 1932 763 1974; baseline 0.002 -9"><span class='ocrx_word' id='word_1_109' title='bbox 295 1932 444 1966; x_wconf 85' lang='lat' dir='ltr'><strong>Christus</strong></span> <span class='ocrx_word' id='word_1_110' title='bbox 473 1937 571 1974; x_wconf 88' lang='lat' dir='ltr'><strong>atque</strong></span> <span class='ocrx_word' id='word_1_111' title='bbox 596 1932 763 1967; x_wconf 77' lang='lat' dir='ltr'><strong>virtutifer</strong></span> 
     </span>
     <span class='ocr_line' id='line_1_32' title="bbox 294 1982 769 2027; baseline 0.002 -12"><span class='ocrx_word' id='word_1_112' title='bbox 294 1982 393 2015; x_wconf 84' lang='lat' dir='ltr'><strong>Venit</strong></span> <span class='ocrx_word' id='word_1_113' title='bbox 420 1992 550 2016; x_wconf 86' lang='lat' dir='ltr'><strong>carnem</strong></span> <span class='ocrx_word' id='word_1_114' title='bbox 577 1982 769 2027; x_wconf 85' lang='lat' dir='ltr'><strong>suscipiens,</strong></span> 
     </span>
     <span class='ocr_line' id='line_1_33' title="bbox 292 2032 725 2066; baseline 0.002 -1"><span class='ocrx_word' id='word_1_115' title='bbox 292 2032 433 2065; x_wconf 83' lang='lat' dir='ltr'><strong>Paocata</strong></span> <span class='ocrx_word' id='word_1_116' title='bbox 459 2033 507 2066; x_wconf 83' lang='lat' dir='ltr'><strong>sic</strong></span> <span class='ocrx_word' id='word_1_117' title='bbox 533 2033 725 2066; x_wconf 68' lang='lat' dir='ltr'><strong>demoliens</strong></span> 
     </span>
    </p>
   </div>
   <div class='ocr_carea' id='block_1_10' title="bbox 219 2116 801 2309">
    <p class='ocr_par' dir='ltr' id='par_1_10' title="bbox 219 2116 801 2259">
     <span class='ocr_line' id='line_1_34' title="bbox 219 2116 668 2160; baseline -0.007 -7"><span class='ocrx_word' id='word_1_118' title='bbox 219 2119 276 2153; x_wconf 80' lang='lat'><strong>37.</strong></span> <span class='ocrx_word' id='word_1_119' title='bbox 290 2118 374 2160; x_wconf 89' lang='lat' dir='ltr'><strong>Ave,</strong></span> <span class='ocrx_word' id='word_1_120' title='bbox 401 2121 507 2151; x_wconf 89' lang='lat' dir='ltr'><strong>mater</strong></span> <span class='ocrx_word' id='word_1_121' title='bbox 530 2116 668 2151; x_wconf 84' lang='lat' dir='ltr'><strong>artificis</strong></span> 
     </span>
     <span class='ocr_line' id='line_1_35' title="bbox 290 2167 801 2211; baseline -0.004 -10"><span class='ocrx_word' id='word_1_122' title='bbox 290 2167 480 2201; x_wconf 90' lang='lat' dir='ltr'><strong>Mundanae</strong></span> <span class='ocrx_word' id='word_1_123' title='bbox 506 2167 601 2201; x_wconf 88' lang='lat' dir='ltr'><strong>molis</strong></span> <span class='ocrx_word' id='word_1_124' title='bbox 627 2167 801 2211; x_wconf 84' lang='lat' dir='ltr'><strong>supplicis,</strong></span> 
     </span>
     <span class='ocr_line' id='line_1_36' title="bbox 289 2217 733 2259; baseline -0.002 -9"><span class='ocrx_word' id='word_1_125' title='bbox 289 2217 351 2251; x_wconf 92' lang='lat' dir='ltr'><strong>Tui</strong></span> <span class='ocrx_word' id='word_1_126' title='bbox 377 2217 550 2259; x_wconf 89' lang='lat' dir='ltr'><strong>perpende</strong></span> <span class='ocrx_word' id='word_1_127' title='bbox 576 2218 733 2259; x_wconf 84' lang='lat' dir='ltr'><strong>gemitum</strong></span> 
     </span>
    </p>

    <p class='ocr_par' dir='ltr' id='par_1_11' title="bbox 264 2267 761 2309">
     <span class='ocr_line' id='line_1_37' title="bbox 264 2267 761 2309; baseline -0.002 -9"><span class='ocrx_word' id='word_1_128' title='bbox 264 2305 267 2308; x_wconf 31' lang='lat'>¹</span> <span class='ocrx_word' id='word_1_129' title='bbox 287 2267 438 2300; x_wconf 88' lang='lat' dir='ltr'><strong>Verentis</strong></span> <span class='ocrx_word' id='word_1_130' title='bbox 466 2267 569 2300; x_wconf 87' lang='lat' dir='ltr'><strong>hostis</strong></span> <span class='ocrx_word' id='word_1_131' title='bbox 594 2267 761 2309; x_wconf 88' lang='lat' dir='ltr'><strong>impetum,</strong></span> 
     </span>
    </p>
   </div>
   <div class='ocr_carea' id='block_1_11' title="bbox 216 2350 776 2536">
    <p class='ocr_par' dir='ltr' id='par_1_12' title="bbox 216 2350 776 2536">
     <span class='ocr_line' id='line_1_38' title="bbox 216 2350 761 2396; baseline -0.004 -9"><span class='ocrx_word' id='word_1_132' title='bbox 216 2354 273 2387; x_wconf 84' lang='lat'><strong>38.</strong></span> <span class='ocrx_word' id='word_1_133' title='bbox 290 2356 373 2396; x_wconf 82' lang='lat' dir='ltr'><strong>Ave,</strong></span> <span class='ocrx_word' id='word_1_134' title='bbox 401 2362 465 2394; x_wconf 90' lang='lat' dir='ltr'><strong>qua</strong></span> <span class='ocrx_word' id='word_1_135' title='bbox 492 2352 606 2385; x_wconf 91' lang='lat' dir='ltr'><strong>mundi</strong></span> <span class='ocrx_word' id='word_1_136' title='bbox 633 2350 761 2386; x_wconf 85' lang='lat' dir='ltr'><strong>vanitas</strong></span> 
     </span>
     <span class='ocr_line' id='line_1_39' title="bbox 291 2401 776 2444; baseline -0.002 -9"><span class='ocrx_word' id='word_1_137' title='bbox 291 2402 410 2444; x_wconf 87' lang='lat' dir='ltr'><strong>Spreta</strong></span> <span class='ocrx_word' id='word_1_138' title='bbox 437 2405 487 2434; x_wconf 89' lang='lat' dir='ltr'><strong>est</strong></span> <span class='ocrx_word' id='word_1_139' title='bbox 511 2405 611 2443; x_wconf 85' lang='lat' dir='ltr'><strong>atque</strong></span> <span class='ocrx_word' id='word_1_140' title='bbox 636 2401 776 2443; x_wconf 81' lang='lat' dir='ltr'><strong>falsitas,</strong></span> 
     </span>
     <span class='ocr_line' id='line_1_40' title="bbox 288 2451 758 2494; baseline 0 -10"><span class='ocrx_word' id='word_1_141' title='bbox 288 2451 341 2484; x_wconf 89' lang='lat' dir='ltr'><strong>Da</strong></span> <span class='ocrx_word' id='word_1_142' title='bbox 366 2452 455 2494; x_wconf 86' lang='lat' dir='ltr'><strong>mihi,</strong></span> <span class='ocrx_word' id='word_1_143' title='bbox 485 2452 589 2485; x_wconf 89' lang='lat' dir='ltr'><strong>duleis</strong></span> <span class='ocrx_word' id='word_1_144' title='bbox 617 2452 758 2493; x_wconf 83' lang='lat' dir='ltr'><strong>domina,</strong></span> 
     </span>
     <span class='ocr_line' id='line_1_41' title="bbox 292 2501 734 2536; baseline 0.005 -2"><span class='ocrx_word' id='word_1_145' title='bbox 292 2501 473 2535; x_wconf 82' lang='lat' dir='ltr'><strong>Verborum</strong></span> <span class='ocrx_word' id='word_1_146' title='bbox 499 2502 734 2536; x_wconf 81' lang='lat' dir='ltr'><strong>moderamina.</strong></span> 
     </span>
    </p>
   </div>
   <div class='ocr_carea' id='block_1_12' title="bbox 943 230 1511 420">
    <p class='ocr_par' dir='ltr' id='par_1_13' title="bbox 943 230 1511 420">
     <span class='ocr_line' id='line_1_42' title="bbox 943 230 1399 277; baseline -0.002 -12"><span class='ocrx_word' id='word_1_147' title='bbox 943 232 1001 265; x_wconf 88' lang='lat'><strong>39.</strong></span> <span class='ocrx_word' id='word_1_148' title='bbox 1017 233 1097 277; x_wconf 82' lang='lat' dir='ltr'><strong>Ave,</strong></span> <span class='ocrx_word' id='word_1_149' title='bbox 1128 233 1217 266; x_wconf 83' lang='lat' dir='ltr'><strong>euius</strong></span> <span class='ocrx_word' id='word_1_150' title='bbox 1245 230 1399 273; x_wconf 86' lang='lat' dir='ltr'><strong>suffragia</strong></span> 
     </span>
     <span class='ocr_line' id='line_1_43' title="bbox 1014 279 1487 323; baseline -0.002 -9"><span class='ocrx_word' id='word_1_151' title='bbox 1014 281 1130 315; x_wconf 88' lang='lat' dir='ltr'><strong>Mundi</strong></span> <span class='ocrx_word' id='word_1_152' title='bbox 1158 280 1281 313; x_wconf 85' lang='lat' dir='ltr'><strong>tollunt</strong></span> <span class='ocrx_word' id='word_1_153' title='bbox 1302 279 1487 323; x_wconf 85' lang='lat' dir='ltr'><strong>naufragia,</strong></span> 
     </span>
     <span class='ocr_line' id='line_1_44' title="bbox 1014 330 1430 364; baseline -0.002 -1"><span class='ocrx_word' id='word_1_154' title='bbox 1014 330 1083 363; x_wconf 86' lang='lat' dir='ltr'><strong>Nos</strong></span> <span class='ocrx_word' id='word_1_155' title='bbox 1112 332 1152 364; x_wconf 92' lang='lat' dir='ltr'><strong>de</strong></span> <span class='ocrx_word' id='word_1_156' title='bbox 1178 330 1253 363; x_wconf 83' lang='lat' dir='ltr'><strong>laou</strong></span> <span class='ocrx_word' id='word_1_157' title='bbox 1279 330 1430 363; x_wconf 83' lang='lat' dir='ltr'><strong>miseriae</strong></span> 
     </span>
     <span class='ocr_line' id='line_1_45' title="bbox 1014 379 1511 420; baseline -0.004 -7"><span class='ocrx_word' id='word_1_158' title='bbox 1014 379 1129 413; x_wconf 79' lang='lat' dir='ltr'><strong>Reduc</strong></span> <span class='ocrx_word' id='word_1_159' title='bbox 1153 379 1186 412; x_wconf 90' lang='lat' dir='ltr'><strong>in</strong></span> <span class='ocrx_word' id='word_1_160' title='bbox 1216 380 1345 413; x_wconf 90' lang='lat' dir='ltr'><strong>domum</strong></span> <span class='ocrx_word' id='word_1_161' title='bbox 1371 380 1511 420; x_wconf 85' lang='lat' dir='ltr'><strong>patriae.</strong></span> 
     </span>
    </p>
   </div>
   <div class='ocr_carea' id='block_1_13' title="bbox 939 468 1546 649">
    <p class='ocr_par' dir='ltr' id='par_1_14' title="bbox 939 468 1546 649">
     <span class='ocr_line' id='line_1_46' title="bbox 939 468 1460 510; baseline -0.004 -8"><span class='ocrx_word' id='word_1_162' title='bbox 939 469 997 503; x_wconf 85' lang='lat'><strong>40.</strong></span> <span class='ocrx_word' id='word_1_163' title='bbox 1013 470 1095 510; x_wconf 88' lang='lat' dir='ltr'><strong>Ave,</strong></span> <span class='ocrx_word' id='word_1_164' title='bbox 1124 479 1142 502; x_wconf 95' lang='lat' dir='ltr'><strong>o</strong></span> <span class='ocrx_word' id='word_1_165' title='bbox 1168 469 1261 509; x_wconf 86' lang='lat' dir='ltr'><strong>virgo</strong></span> <span class='ocrx_word' id='word_1_166' title='bbox 1287 468 1460 509; x_wconf 83' lang='lat' dir='ltr'><strong>virginum,</strong></span> 
     </span>
     <span class='ocr_line' id='line_1_47' title="bbox 1013 517 1546 558; baseline -0.004 -7"><span class='ocrx_word' id='word_1_167' title='bbox 1013 517 1183 551; x_wconf 85' lang='lat' dir='ltr'><strong>Caelorum</strong></span> <span class='ocrx_word' id='word_1_168' title='bbox 1209 517 1344 558; x_wconf 83' lang='lat' dir='ltr'><strong>gignens</strong></span> <span class='ocrx_word' id='word_1_169' title='bbox 1371 518 1546 557; x_wconf 88' lang='lat' dir='ltr'><strong>dominum,</strong></span> 
     </span>
     <span class='ocr_line' id='line_1_48' title="bbox 1015 566 1469 600; baseline -0.002 -1"><span class='ocrx_word' id='word_1_170' title='bbox 1015 567 1154 600; x_wconf 87' lang='lat' dir='ltr'><strong>Nostros</strong></span> <span class='ocrx_word' id='word_1_171' title='bbox 1180 566 1318 600; x_wconf 88' lang='lat' dir='ltr'><strong>subleva</strong></span> <span class='ocrx_word' id='word_1_172' title='bbox 1344 566 1469 599; x_wconf 86' lang='lat' dir='ltr'><strong>debiles</strong></span> 
     </span>
     <span class='ocr_line' id='line_1_49' title="bbox 1009 611 1416 649; baseline 0 0"><span class='ocrx_word' id='word_1_173' title='bbox 1009 618 1061 649; x_wconf 85' lang='lat' dir='ltr'><strong>Ae</strong></span> <span class='ocrx_word' id='word_1_174' title='bbox 1087 615 1255 649; x_wconf 78' lang='lat' dir='ltr'><strong>consolare</strong></span> <span class='ocrx_word' id='word_1_175' title='bbox 1278 611 1416 649; x_wconf 83' lang='lat' dir='ltr'><strong>flebiles.</strong></span> 
     </span>
    </p>
   </div>
   <div class='ocr_carea' id='block_1_14' title="bbox 938 704 1484 891">
    <p class='ocr_par' dir='ltr' id='par_1_15' title="bbox 938 704 1484 891">
     <span class='ocr_line' id='line_1_50' title="bbox 938 704 1448 745; baseline -0.004 -7"><span class='ocrx_word' id='word_1_176' title='bbox 938 704 1093 745; x_wconf 87' lang='lat' dir='ltr'><strong>41.Ave,</strong></span> <span class='ocrx_word' id='word_1_177' title='bbox 1122 713 1161 736; x_wconf 78' lang='lat' dir='ltr'><strong>ex</strong></span> <span class='ocrx_word' id='word_1_178' title='bbox 1188 713 1251 745; x_wconf 89' lang='lat' dir='ltr'><strong>qua</strong></span> <span class='ocrx_word' id='word_1_179' title='bbox 1277 704 1448 736; x_wconf 86' lang='lat' dir='ltr'><strong>aethereus</strong></span> 
     </span>
     <span class='ocr_line' id='line_1_51' title="bbox 1008 751 1484 794; baseline 0 -9"><span class='ocrx_word' id='word_1_180' title='bbox 1008 752 1097 785; x_wconf 84' lang='lat' dir='ltr'><strong>Fons</strong></span> <span class='ocrx_word' id='word_1_181' title='bbox 1123 751 1218 785; x_wconf 85' lang='lat' dir='ltr'><strong>fluxit</strong></span> <span class='ocrx_word' id='word_1_182' title='bbox 1244 754 1277 784; x_wconf 91' lang='lat' dir='ltr'><strong>et</strong></span> <span class='ocrx_word' id='word_1_183' title='bbox 1302 755 1484 794; x_wconf 62' lang='lat' dir='ltr'><strong>nectareus,</strong></span> 
     </span>
     <span class='ocr_line' id='line_1_52' title="bbox 1009 801 1371 842; baseline 0 -9"><span class='ocrx_word' id='word_1_184' title='bbox 1009 801 1070 842; x_wconf 84' lang='lat' dir='ltr'><strong>Qui</strong></span> <span class='ocrx_word' id='word_1_185' title='bbox 1096 802 1244 834; x_wconf 83' lang='lat' dir='ltr'><strong>sitientes</strong></span> <span class='ocrx_word' id='word_1_186' title='bbox 1271 802 1371 834; x_wconf 89' lang='lat' dir='ltr'><strong>satiat</strong></span> 
     </span>
     <span class='ocr_line' id='line_1_53' title="bbox 1009 850 1394 891; baseline 0 -8"><span class='ocrx_word' id='word_1_187' title='bbox 1009 850 1219 891; x_wconf 86' lang='lat' dir='ltr'><strong>Devotosque</strong></span> <span class='ocrx_word' id='word_1_188' title='bbox 1243 850 1394 884; x_wconf 89' lang='lat' dir='ltr'><strong>inebriat.</strong></span> 
     </span>
    </p>
   </div>
   <div class='ocr_carea' id='block_1_15' title="bbox 937 938 1562 1120">
    <p class='ocr_par' dir='ltr' id='par_1_16' title="bbox 937 938 1562 1120">
     <span class='ocr_line' id='line_1_54' title="bbox 937 938 1436 983; baseline 0 -11"><span class='ocrx_word' id='word_1_189' title='bbox 937 941 993 972; x_wconf 81' lang='lat'><strong>42.</strong></span> <span class='ocrx_word' id='word_1_190' title='bbox 1008 940 1088 983; x_wconf 80' lang='lat' dir='ltr'><strong>Ave,</strong></span> <span class='ocrx_word' id='word_1_191' title='bbox 1119 938 1208 971; x_wconf 82' lang='lat' dir='ltr'><strong>euius</strong></span> <span class='ocrx_word' id='word_1_192' title='bbox 1233 942 1309 970; x_wconf 89' lang='lat' dir='ltr'><strong>sunt</strong></span> <span class='ocrx_word' id='word_1_193' title='bbox 1333 939 1436 972; x_wconf 88' lang='lat' dir='ltr'><strong>ubera</strong></span> 
     </span>
     <span class='ocr_line' id='line_1_55' title="bbox 1008 988 1418 1028; baseline 0.002 -8"><span class='ocrx_word' id='word_1_194' title='bbox 1008 988 1095 1021; x_wconf 87' lang='lat' dir='ltr'><strong>Prae</strong></span> <span class='ocrx_word' id='word_1_195' title='bbox 1121 988 1196 1021; x_wconf 88' lang='lat' dir='ltr'><strong>vino</strong></span> <span class='ocrx_word' id='word_1_196' title='bbox 1223 988 1418 1028; x_wconf 86' lang='lat' dir='ltr'><strong>redolentia,</strong></span> 
     </span>
     <span class='ocr_line' id='line_1_56' title="bbox 1007 1036 1525 1070; baseline -0.002 0"><span class='ocrx_word' id='word_1_197' title='bbox 1007 1037 1074 1070; x_wconf 88' lang='lat' dir='ltr'><strong>Per</strong></span> <span class='ocrx_word' id='word_1_198' title='bbox 1099 1040 1188 1069; x_wconf 88' lang='lat' dir='ltr'><strong>tuam</strong></span> <span class='ocrx_word' id='word_1_199' title='bbox 1215 1036 1335 1070; x_wconf 86' lang='lat' dir='ltr'><strong>famam</strong></span> <span class='ocrx_word' id='word_1_200' title='bbox 1363 1038 1525 1070; x_wconf 82' lang='lat' dir='ltr'><strong>celebrem</strong></span> 
     </span>
     <span class='ocr_line' id='line_1_57' title="bbox 1010 1084 1562 1120; baseline 0 -1"><span class='ocrx_word' id='word_1_201' title='bbox 1010 1086 1148 1119; x_wconf 86' lang='lat' dir='ltr'><strong>Carnem</strong></span> <span class='ocrx_word' id='word_1_202' title='bbox 1176 1084 1327 1119; x_wconf 81' lang='lat' dir='ltr'><strong>refraena</strong></span> <span class='ocrx_word' id='word_1_203' title='bbox 1354 1087 1562 1120; x_wconf 82' lang='lat' dir='ltr'><strong>mulcebrem.</strong></span> 
     </span>
    </p>
   </div>
   <div class='ocr_carea' id='block_1_16' title="bbox 937 1175 1556 1363">
    <p class='ocr_par' dir='ltr' id='par_1_17' title="bbox 937 1175 1556 1363">
     <span class='ocr_line' id='line_1_58' title="bbox 937 1175 1471 1218; baseline -0.004 -10"><span class='ocrx_word' id='word_1_204' title='bbox 937 1175 994 1208; x_wconf 79' lang='lat'><strong>43.</strong></span> <span class='ocrx_word' id='word_1_205' title='bbox 1009 1175 1093 1218; x_wconf 83' lang='lat' dir='ltr'><strong>Ave,</strong></span> <span class='ocrx_word' id='word_1_206' title='bbox 1121 1175 1212 1215; x_wconf 84' lang='lat' dir='ltr'><strong>virgo</strong></span> <span class='ocrx_word' id='word_1_207' title='bbox 1239 1175 1471 1216; x_wconf 76' lang='lat' dir='ltr'><strong>pulcherrima,</strong></span> 
     </span>
     <span class='ocr_line' id='line_1_59' title="bbox 1009 1222 1481 1265; baseline 0.002 -9"><span class='ocrx_word' id='word_1_208' title='bbox 1009 1223 1067 1256; x_wconf 90' lang='lat' dir='ltr'><strong>Me</strong></span> <span class='ocrx_word' id='word_1_209' title='bbox 1093 1222 1215 1256; x_wconf 83' lang='lat' dir='ltr'><strong>factum</strong></span> <span class='ocrx_word' id='word_1_210' title='bbox 1241 1227 1277 1256; x_wconf 92' lang='lat' dir='ltr'><strong>ut</strong></span> <span class='ocrx_word' id='word_1_211' title='bbox 1298 1224 1481 1265; x_wconf 86' lang='lat' dir='ltr'><strong>peripsima</strong></span> 
     </span>
     <span class='ocr_line' id='line_1_60' title="bbox 1008 1270 1556 1319; baseline 0 -13"><span class='ocrx_word' id='word_1_212' title='bbox 1008 1272 1130 1306; x_wconf 87' lang='lat' dir='ltr'><strong>Decori</strong></span> <span class='ocrx_word' id='word_1_213' title='bbox 1155 1272 1259 1306; x_wconf 86' lang='lat' dir='ltr'><strong>redde</strong></span> <span class='ocrx_word' id='word_1_214' title='bbox 1285 1273 1445 1313; x_wconf 87' lang='lat' dir='ltr'><strong>pristinae</strong></span> <span class='ocrx_word' id='word_1_215' title='bbox 1468 1270 1556 1319; x_wconf 85' lang='lat' dir='ltr'><strong>[sio]‚</strong></span> 
     </span>
     <span class='ocr_line' id='line_1_61' title="bbox 1007 1321 1520 1363; baseline 0 -8"><span class='ocrx_word' id='word_1_216' title='bbox 1007 1322 1061 1355; x_wconf 86' lang='lat' dir='ltr'><strong>Ab</strong></span> <span class='ocrx_word' id='word_1_217' title='bbox 1088 1321 1176 1355; x_wconf 88' lang='lat' dir='ltr'><strong>omni</strong></span> <span class='ocrx_word' id='word_1_218' title='bbox 1203 1332 1345 1363; x_wconf 87' lang='lat' dir='ltr'><strong>purgans</strong></span> <span class='ocrx_word' id='word_1_219' title='bbox 1374 1323 1520 1356; x_wconf 85' lang='lat' dir='ltr'><strong>erimine.</strong></span> 
     </span>
    </p>
   </div>
   <div class='ocr_carea' id='block_1_17' title="bbox 935 1410 1494 1600">
    <p class='ocr_par' dir='ltr' id='par_1_18' title="bbox 935 1410 1494 1600">
     <span class='ocr_line' id='line_1_62' title="bbox 935 1410 1494 1452; baseline 0 -9"><span class='ocrx_word' id='word_1_220' title='bbox 935 1410 992 1444; x_wconf 78' lang='lat'><strong>44.</strong></span> <span class='ocrx_word' id='word_1_221' title='bbox 1007 1411 1091 1452; x_wconf 88' lang='lat' dir='ltr'><strong>Ave,</strong></span> <span class='ocrx_word' id='word_1_222' title='bbox 1119 1411 1222 1452; x_wconf 84' lang='lat' dir='ltr'><strong>virgo,</strong></span> <span class='ocrx_word' id='word_1_223' title='bbox 1250 1420 1346 1451; x_wconf 88' lang='lat' dir='ltr'><strong>quam</strong></span> <span class='ocrx_word' id='word_1_224' title='bbox 1375 1420 1494 1444; x_wconf 82' lang='lat' dir='ltr'><strong>cuneus</strong></span> 
     </span>
     <span class='ocr_line' id='line_1_63' title="bbox 1007 1460 1379 1500; baseline 0 -8"><span class='ocrx_word' id='word_1_225' title='bbox 1007 1460 1191 1493; x_wconf 87' lang='lat' dir='ltr'><strong>Veneratur</strong></span> <span class='ocrx_word' id='word_1_226' title='bbox 1215 1460 1379 1500; x_wconf 86' lang='lat' dir='ltr'><strong>virgineus</strong></span> 
     </span>
     <span class='ocr_line' id='line_1_64' title="bbox 1005 1508 1406 1551; baseline 0.005 -11"><span class='ocrx_word' id='word_1_227' title='bbox 1005 1509 1057 1541; x_wconf 90' lang='lat' dir='ltr'><strong>Ac</strong></span> <span class='ocrx_word' id='word_1_228' title='bbox 1082 1508 1271 1551; x_wconf 88' lang='lat' dir='ltr'><strong>angelorum</strong></span> <span class='ocrx_word' id='word_1_229' title='bbox 1299 1509 1406 1542; x_wconf 85' lang='lat' dir='ltr'><strong>contio</strong></span> 
     </span>
     <span class='ocr_line' id='line_1_65' title="bbox 1004 1558 1372 1600; baseline 0.003 -9"><span class='ocrx_word' id='word_1_230' title='bbox 1004 1558 1156 1591; x_wconf 86' lang='lat' dir='ltr'><strong>Paradisi</strong></span> <span class='ocrx_word' id='word_1_231' title='bbox 1182 1560 1216 1590; x_wconf 92' lang='lat' dir='ltr'><strong>in</strong></span> <span class='ocrx_word' id='word_1_232' title='bbox 1242 1558 1372 1600; x_wconf 85' lang='lat' dir='ltr'><strong>gaudio.</strong></span> 
     </span>
    </p>
   </div>
   <div class='ocr_carea' id='block_1_18' title="bbox 932 1647 1455 1832">
    <p class='ocr_par' dir='ltr' id='par_1_19' title="bbox 932 1647 1455 1832">
     <span class='ocr_line' id='line_1_66' title="bbox 932 1647 1326 1692; baseline 0.003 -12"><span class='ocrx_word' id='word_1_233' title='bbox 932 1647 990 1680; x_wconf 86' lang='lat'><strong>45.</strong></span> <span class='ocrx_word' id='word_1_234' title='bbox 1004 1648 1087 1687; x_wconf 89' lang='lat' dir='ltr'><strong>Ave,</strong></span> <span class='ocrx_word' id='word_1_235' title='bbox 1115 1657 1133 1681; x_wconf 96' lang='lat' dir='ltr'><strong>o</strong></span> <span class='ocrx_word' id='word_1_236' title='bbox 1159 1647 1223 1680; x_wconf 90' lang='lat' dir='ltr'><strong>Dei</strong></span> <span class='ocrx_word' id='word_1_237' title='bbox 1248 1647 1326 1692; x_wconf 84' lang='lat' dir='ltr'><strong>filia,</strong></span> 
     </span>
     <span class='ocr_line' id='line_1_67' title="bbox 1007 1696 1442 1742; baseline 0.002 -12"><span class='ocrx_word' id='word_1_238' title='bbox 1007 1696 1099 1730; x_wconf 84' lang='lat' dir='ltr'><strong>Caeli</strong></span> <span class='ocrx_word' id='word_1_239' title='bbox 1125 1697 1286 1730; x_wconf 81' lang='lat' dir='ltr'><strong>scandens</strong></span> <span class='ocrx_word' id='word_1_240' title='bbox 1313 1698 1442 1742; x_wconf 85' lang='lat' dir='ltr'><strong>sedilia,</strong></span> 
     </span>
     <span class='ocr_line' id='line_1_68' title="bbox 1005 1745 1394 1780; baseline 0.005 -2"><span class='ocrx_word' id='word_1_241' title='bbox 1005 1746 1043 1779; x_wconf 95' lang='lat' dir='ltr'><strong>Id</strong></span> <span class='ocrx_word' id='word_1_242' title='bbox 1068 1745 1152 1780; x_wconf 86' lang='lat' dir='ltr'><strong>fanti</strong></span> <span class='ocrx_word' id='word_1_243' title='bbox 1179 1746 1394 1780; x_wconf 89' lang='lat' dir='ltr'><strong>hortatorium</strong></span> 
     </span>
     <span class='ocr_line' id='line_1_69' title="bbox 1005 1795 1455 1832; baseline 0.004 -3"><span class='ocrx_word' id='word_1_244' title='bbox 1005 1795 1145 1830; x_wconf 88' lang='lat' dir='ltr'><strong>Carmen</strong></span> <span class='ocrx_word' id='word_1_245' title='bbox 1170 1795 1221 1829; x_wconf 86' lang='lat' dir='ltr'><strong>fer</strong></span> <span class='ocrx_word' id='word_1_246' title='bbox 1246 1797 1455 1832; x_wconf 87' lang='lat' dir='ltr'><strong>adiutorium.</strong></span> 
     </span>
    </p>
   </div>
   <div class='ocr_carea' id='block_1_19' title="bbox 929 1886 1456 2077">
    <p class='ocr_par' dir='ltr' id='par_1_20' title="bbox 929 1886 1456 2077">
     <span class='ocr_line' id='line_1_70' title="bbox 929 1886 1405 1931; baseline -0.002 -10"><span class='ocrx_word' id='word_1_247' title='bbox 929 1889 988 1923; x_wconf 82' lang='lat'><strong>46.</strong></span> <span class='ocrx_word' id='word_1_248' title='bbox 1004 1888 1085 1928; x_wconf 87' lang='lat' dir='ltr'><strong>Ave,</strong></span> <span class='ocrx_word' id='word_1_249' title='bbox 1113 1887 1205 1927; x_wconf 86' lang='lat' dir='ltr'><strong>virgo</strong></span> <span class='ocrx_word' id='word_1_250' title='bbox 1230 1886 1405 1931; x_wconf 81' lang='lat' dir='ltr'><strong>morigera,</strong></span> 
     </span>
     <span class='ocr_line' id='line_1_71' title="bbox 1002 1936 1402 1980; baseline 0 -10"><span class='ocrx_word' id='word_1_251' title='bbox 1002 1937 1130 1970; x_wconf 84' lang='lat' dir='ltr'><strong>Eveeta</strong></span> <span class='ocrx_word' id='word_1_252' title='bbox 1154 1944 1254 1977; x_wconf 83' lang='lat' dir='ltr'><strong>super</strong></span> <span class='ocrx_word' id='word_1_253' title='bbox 1280 1936 1402 1980; x_wconf 86' lang='lat' dir='ltr'><strong>sidera,</strong></span> 
     </span>
     <span class='ocr_line' id='line_1_72' title="bbox 1003 1985 1375 2028; baseline -0.008 -7"><span class='ocrx_word' id='word_1_254' title='bbox 1003 1986 1069 2021; x_wconf 93' lang='lat' dir='ltr'><strong>Ubi</strong></span> <span class='ocrx_word' id='word_1_255' title='bbox 1093 1985 1228 2019; x_wconf 85' lang='lat' dir='ltr'><strong>laetaris</strong></span> <span class='ocrx_word' id='word_1_256' title='bbox 1254 1986 1375 2028; x_wconf 86' lang='lat' dir='ltr'><strong>iugiter</strong></span> 
     </span>
     <span class='ocr_line' id='line_1_73' title="bbox 1001 2036 1456 2077; baseline 0.004 -8"><span class='ocrx_word' id='word_1_257' title='bbox 1001 2036 1230 2077; x_wconf 84' lang='lat' dir='ltr'><strong>Laudarisque</strong></span> <span class='ocrx_word' id='word_1_258' title='bbox 1256 2037 1456 2077; x_wconf 86' lang='lat' dir='ltr'><strong>perenniter.</strong></span> 
     </span>
    </p>
   </div>
   <div class='ocr_carea' id='block_1_20' title="bbox 929 2121 1514 2312">
    <p class='ocr_par' dir='ltr' id='par_1_21' title="bbox 929 2121 1514 2312">
     <span class='ocr_line' id='line_1_74' title="bbox 929 2121 1432 2165; baseline 0 -11"><span class='ocrx_word' id='word_1_259' title='bbox 929 2121 987 2156; x_wconf 85' lang='lat'><strong>47.</strong></span> <span class='ocrx_word' id='word_1_260' title='bbox 1002 2121 1084 2165; x_wconf 82' lang='lat' dir='ltr'><strong>Ave,</strong></span> <span class='ocrx_word' id='word_1_261' title='bbox 1112 2122 1218 2154; x_wconf 87' lang='lat' dir='ltr'><strong>mater</strong></span> <span class='ocrx_word' id='word_1_262' title='bbox 1243 2121 1432 2163; x_wconf 89' lang='lat' dir='ltr'><strong>laudabilis,</strong></span> 
     </span>
     <span class='ocr_line' id='line_1_75' title="bbox 1003 2170 1432 2212; baseline 0 -8"><span class='ocrx_word' id='word_1_263' title='bbox 1003 2170 1102 2204; x_wconf 84' lang='lat' dir='ltr'><strong>Cuius</strong></span> <span class='ocrx_word' id='word_1_264' title='bbox 1129 2173 1244 2212; x_wconf 84' lang='lat' dir='ltr'><strong>partus</strong></span> <span class='ocrx_word' id='word_1_265' title='bbox 1270 2171 1432 2204; x_wconf 84' lang='lat' dir='ltr'><strong>mirabilis</strong></span> 
     </span>
     <span class='ocr_line' id='line_1_76' title="bbox 1002 2219 1408 2262; baseline 0.005 -10"><span class='ocrx_word' id='word_1_266' title='bbox 1002 2219 1103 2253; x_wconf 85' lang='lat' dir='ltr'><strong>Ducit</strong></span> <span class='ocrx_word' id='word_1_267' title='bbox 1128 2220 1168 2253; x_wconf 92' lang='lat' dir='ltr'><strong>ob</strong></span> <span class='ocrx_word' id='word_1_268' title='bbox 1195 2220 1243 2252; x_wconf 90' lang='lat' dir='ltr'><strong>tui</strong></span> <span class='ocrx_word' id='word_1_269' title='bbox 1269 2221 1408 2262; x_wconf 84' lang='lat' dir='ltr'><strong>gratiam</strong></span> 
     </span>
     <span class='ocr_line' id='line_1_77' title="bbox 1005 2269 1514 2312; baseline 0.004 -10"><span class='ocrx_word' id='word_1_270' title='bbox 1005 2269 1073 2302; x_wconf 87' lang='lat' dir='ltr'><strong>Nos</strong></span> <span class='ocrx_word' id='word_1_271' title='bbox 1098 2270 1132 2303; x_wconf 92' lang='lat' dir='ltr'><strong>in</strong></span> <span class='ocrx_word' id='word_1_272' title='bbox 1158 2278 1335 2312; x_wconf 84' lang='lat' dir='ltr'><strong>supernam</strong></span> <span class='ocrx_word' id='word_1_273' title='bbox 1361 2272 1514 2312; x_wconf 87' lang='lat' dir='ltr'><strong>patriam.</strong></span> 
     </span>
    </p>
   </div>
   <div class='ocr_carea' id='block_1_21' title="bbox 930 2353 1574 2545">
    <p class='ocr_par' dir='ltr' id='par_1_22' title="bbox 930 2353 1574 2545">
     <span class='ocr_line' id='line_1_78' title="bbox 930 2353 1433 2399; baseline -0.004 -10"><span class='ocrx_word' id='word_1_274' title='bbox 930 2356 988 2389; x_wconf 84' lang='lat'><strong>48.</strong></span> <span class='ocrx_word' id='word_1_275' title='bbox 1003 2356 1086 2399; x_wconf 88' lang='lat' dir='ltr'><strong>Ave,</strong></span> <span class='ocrx_word' id='word_1_276' title='bbox 1114 2353 1205 2388; x_wconf 87' lang='lat' dir='ltr'><strong>sidus</strong></span> <span class='ocrx_word' id='word_1_277' title='bbox 1233 2355 1433 2397; x_wconf 87' lang='lat' dir='ltr'><strong>aethereum,</strong></span> 
     </span>
     <span class='ocr_line' id='line_1_79' title="bbox 1004 2403 1574 2448; baseline -0.002 -11"><span class='ocrx_word' id='word_1_278' title='bbox 1004 2404 1163 2438; x_wconf 88' lang='lat' dir='ltr'><strong>Mundum</strong></span> <span class='ocrx_word' id='word_1_279' title='bbox 1191 2404 1335 2437; x_wconf 87' lang='lat' dir='ltr'><strong>lustrans</strong></span> <span class='ocrx_word' id='word_1_280' title='bbox 1363 2408 1395 2437; x_wconf 83' lang='lat' dir='ltr'><strong>et</strong></span> <span class='ocrx_word' id='word_1_281' title='bbox 1420 2403 1574 2448; x_wconf 80' lang='lat' dir='ltr'><strong>inferum,</strong></span> 
     </span>
     <span class='ocr_line' id='line_1_80' title="bbox 1001 2454 1377 2487; baseline -0.003 0"><span class='ocrx_word' id='word_1_282' title='bbox 1001 2454 1107 2487; x_wconf 86' lang='lat' dir='ltr'><strong>Menti</strong></span> <span class='ocrx_word' id='word_1_283' title='bbox 1133 2462 1226 2486; x_wconf 88' lang='lat' dir='ltr'><strong>meae</strong></span> <span class='ocrx_word' id='word_1_284' title='bbox 1251 2454 1377 2486; x_wconf 88' lang='lat' dir='ltr'><strong>irradia</strong></span> 
     </span>
     <span class='ocr_line' id='line_1_81' title="bbox 1002 2503 1414 2545; baseline 0 -8"><span class='ocrx_word' id='word_1_285' title='bbox 1002 2503 1211 2537; x_wconf 83' lang='lat' dir='ltr'><strong>Tenebrosae</strong></span> <span class='ocrx_word' id='word_1_286' title='bbox 1236 2512 1296 2545; x_wconf 90' lang='lat' dir='ltr'><strong>per</strong></span> <span class='ocrx_word' id='word_1_287' title='bbox 1321 2503 1414 2537; x_wconf 89' lang='lat' dir='ltr'><strong>vitia.</strong></span> 
     </span>
    </p>
   </div>
  </div>
 </body>
</html>
