1650 2671
570 571 606 603 V.
648 569 844 602 Psalterium
870 569 1055 601 Secundum.

576 653 728 687 Oratio
755 652 1051 693 prooemialis

383 734 413 765 1.
442 729 635 765 lncdicibile
659 731 806 772 verbum,
834 734 867 763 te
894 731 1002 763 colere

437 780 588 814 Gliscens
613 789 672 820 per
699 780 849 821 gratiam,
876 779 1037 821 imprimis
1062 782 1177 820 petere

438 830 526 862 Duxi
553 829 758 868 conveniens,
785 832 820 861 ut
845 830 931 862 lotus
957 828 1081 861 scelere

436 877 543 919 Digne
568 878 738 918 sequentia
764 887 877 918 queam
906 878 1109 918 depromere.

440 953 531 993 Haec
558 965 633 998 ergo
661 956 805 989 carmina
831 956 908 989 audi
936 956 1136 999 clementius,

437 1009 529 1039 Auro
556 1005 725 1046 fulgentia,
754 1004 864 1038 obrizo
889 1005 1067 1046 pulchrius,

441 1054 571 1088 Delicta
596 1054 697 1096 dilue,
724 1054 860 1087 intende
883 1054 1047 1096 precibus

442 1103 539 1136 Solve
565 1102 721 1143 pericula,
749 1102 867 1135 resiste
891 1102 1050 1135 hostibuS.

379 959 410 991 -L-'J

378 1175 409 1207 3,
440 1170 502 1212 En,
530 1181 643 1205 sacrae
668 1172 807 1213 paginae
832 1173 962 1214 pratum
987 1171 1164 1213 ingredior,

441 1222 490 1255 De
517 1231 578 1262 quo
605 1221 759 1262 colligere
784 1219 881 1254 flores
909 1221 1086 1254 subordior

440 1270 598 1308 Lamiam,
627 1270 785 1302 extollere
811 1270 927 1311 quibus
953 1273 987 1301 te
1011 1270 1138 1312 molior,

438 1320 482 1354 Ut
507 1319 673 1352 beneficiis
700 1320 765 1351 tuis
791 1320 851 1351 sim
878 1318 995 1359 aptior.

387 1389 419 1422 4.
448 1386 514 1423 Sed
542 1388 613 1428 quis
640 1387 703 1419 rite
727 1390 825 1428 queat
850 1387 974 1420 calamo
1000 1386 1156 1429 seribere,

440 1438 599 1470 Tractare
624 1436 741 1478 animo,
767 1436 878 1477 lingua
904 1436 1089 1477 exprimere

438 1486 509 1518 Tua
534 1485 721 1526 praeconia,
750 1494 820 1517 cum
849 1488 881 1518 et
905 1485 940 1517 in
965 1484 1098 1518 aethere

439 1535 477 1568 ln
502 1535 575 1567 istis
602 1535 733 1575 angelos
761 1538 887 1567 constet
914 1533 1080 1567 deficere?

380 1604 413 1636 5.
440 1600 486 1637 Ut
511 1605 619 1635 autem
646 1603 796 1635 minimas
821 1604 882 1636 has
909 1603 1006 1644 digne
1032 1603 1200 1635 concinam

441 1651 537 1695 odas,
566 1652 718 1693 paracliti
746 1651 788 1684 da
813 1652 892 1685 mihi
917 1653 1065 1694 gratiam,

440 1701 529 1741 Quae
554 1700 684 1733 turbam
709 1699 839 1733 auferat
864 1711 883 1735 a
909 1710 959 1733 me
985 1702 1234 1743 phantasticam,

441 1749 626 1783 Clementer
654 1750 769 1782 doceat
793 1751 941 1791 sophiam
966 1750 1148 1792 mysticam.

383 1820 415 1852 6.
444 1815 579 1854 Summa
604 1823 640 1851 tu
665 1820 806 1860 trinitas,
836 1820 965 1862 depelle
989 1820 1114 1860 vitium,

442 1867 537 1900 Vires
567 1869 744 1910 consolida,
770 1869 847 1901 iuva
872 1870 1048 1910 ingenium:

439 1916 548 1958 Digne
572 1921 609 1950 ut
635 1916 765 1951 efferam
790 1918 920 1951 Mariae
944 1917 1056 1960 filium,

441 1966 503 2007 Qui
525 1967 619 2000 nobis
644 1968 787 2008 requiem
815 1968 870 2000 det
895 1975 971 2008 post
995 1966 1212 2009 naufragium.

633 2056 949 2099 Quinquagena
978 2058 1006 2092 Ι.

167 2114 198 2147 1.
225 2113 309 2153 Ave,
336 2111 596 2155 fragrantissime
866 2120 897 2150 2.
924 2117 1006 2160 Ave,
1036 2116 1200 2158 unigenite

271 2162 353 2195 Flos
378 2162 587 2205 virginitatis,
976 2166 1053 2199 Iesu
1076 2165 1195 2197 summi
1219 2166 1335 2206 patris,

222 2212 393 2245 Plantatus
419 2211 613 2253 purissimae
921 2214 961 2247 In
987 2222 1081 2255 quem
1108 2219 1220 2255 gentes
1246 2214 1398 2255 perditae

271 2260 407 2295 Puellae
431 2262 466 2293 in
491 2261 607 2304 pratis,
968 2263 1186 2296 Fremuerunt
1210 2264 1324 2305 gratis,

221 2311 332 2344 Alitus
358 2310 536 2343 altissimae
928 2312 1087 2345 Precibus
1113 2322 1172 2345 nos
1200 2313 1333 2347 inclitae

274 2360 362 2393 Rore
387 2360 545 2392 trinitatis
973 2362 1063 2395 Tuae
1087 2363 1161 2395 leva
1186 2363 1312 2405 matris,

223 2410 367 2452 Igneque
394 2408 601 2443 dulcissimae
926 2410 1048 2444 Curvat
1073 2420 1152 2452 quos
1178 2411 1312 2445 inolitae

273 2461 397 2493 Hortus
426 2458 582 2493 caritatis.
977 2460 1108 2493 Pondus
1133 2461 1309 2502 pravitatis
