1650 2671
566 641 633 674 XV.
674 641 874 673 Psalterium
896 640 1107 682 „Hymarius
1129 640 1237 673 Bmv.“

757 743 1044 778 Prooemium.

269 860 276 868 .
303 830 409 867 Mater
435 832 569 873 Christi,
595 839 690 873 quem
715 831 750 863 in
774 831 849 863 imis

305 881 478 924 Peperisti‚
506 884 539 912 te
561 880 712 921 inprimis

352 933 446 963 Adeo
472 939 532 970 pro
558 930 673 970 gratia,

306 980 375 1019 Qua
399 979 532 1011 iuvante
557 979 740 1010 luculenter

303 1029 391 1062 Pura
416 1030 523 1059 mente
548 1036 587 1059 ac
611 1026 791 1067 gaudenter

351 1075 520 1111 Proferam
547 1075 725 1116 sequentia.

269 1181 277 1189 .
304 1153 336 1189 A
363 1154 494 1187 venenis
520 1162 572 1185 me
598 1162 743 1185 errorum

302 1204 348 1237 Et
374 1203 496 1235 catenis
520 1206 738 1243 peccatorum,

356 1252 452 1292 Virgo
477 1252 629 1293 clemens,
657 1259 734 1282 erue

302 1303 353 1335 Ac
377 1300 514 1333 rationis
540 1300 727 1333 facultatem

305 1351 348 1383 Et
376 1350 533 1381 sermonis
560 1350 731 1382 veritatem

354 1398 570 1432 Abundanter
594 1397 714 1431 tribue.

945 832 976 865 3.
1003 828 1204 871 Reparatrix
1228 830 1413 863 oberrantis

1003 879 1049 912 Et
1073 880 1234 913 salvatrix
1262 880 1467 920 desperantis

1050 928 1217 962 Scelerum
1242 937 1324 968 prae
1347 928 1505 970 pondere,

1003 977 1073 1010 Tua
1098 986 1196 1019 prece
1220 986 1307 1009 nunc
1333 986 1384 1008 me
1411 977 1491 1010 velis

1005 1026 1129 1067 Culpae
1154 1026 1246 1059 faece
1272 1029 1306 1057 et
1326 1035 1346 1057 a
1372 1026 1446 1058 telis

1053 1075 1203 1107 Hostium
1226 1074 1364 1115 eripere.

943 1153 975 1186 4.
1003 1148 1083 1186 Istis
1108 1161 1244 1194 mecum,
1272 1161 1291 1184 o
1317 1152 1435 1194 Maria,

1003 1201 1143 1234 Praesta
1168 1209 1301 1242 precum
1326 1201 1361 1233 in
1385 1201 1449 1233 hac
1474 1199 1528 1234 via

1052 1250 1193 1282 Tuarum
1219 1249 1383 1291 suffragia,

1005 1298 1065 1338 Qui
1090 1303 1218 1331 tuorum
1243 1302 1352 1331 mente
1377 1308 1461 1339 pura

1001 1347 1197 1380 Meritorum
1223 1352 1255 1379 et
1280 1356 1396 1380 secura

1052 1395 1238 1429 Concinunt
1261 1396 1448 1436 praeconia.

607 1478 640 1510 5.
665 1472 775 1516 Alma,
803 1483 924 1517 parens
952 1473 1073 1506 Christi
1098 1474 1171 1516 Dei,

670 1523 764 1556 Omni
792 1532 905 1556 carens
932 1523 1037 1555 malae
1061 1524 1111 1555 rei

717 1573 762 1605 Et
786 1573 915 1613 peccati
938 1572 1076 1613 macula,

664 1620 735 1653 Fac
759 1630 811 1653 me
837 1630 967 1654 caecum
992 1624 1027 1652 te
1052 1621 1166 1653 videre

666 1670 774 1711 Atque
797 1673 907 1703 tecum
932 1670 1137 1711 congaudere

719 1719 783 1752 Per
808 1724 943 1753 aeterna
966 1719 1108 1752 saecula.

717 1828 1031 1870 Quinquagena
1055 1829 1084 1862 I.

269 1945 276 1953 .
303 1918 385 1957 Ave,
413 1916 512 1950 arbor
537 1919 660 1958 optima

351 1966 517 2007 Optimum
546 1967 627 1999 dans
649 1965 804 2009 fructum,

301 2018 330 2048 A
359 2016 477 2049 devota
499 2017 607 2048 anima

353 2064 413 2105 Qui
438 2064 597 2106 abstergit
620 2066 754 2106 luctum,

303 2114 370 2153 Quo
396 2112 462 2145 fide
487 2114 733 2155 promptissima

352 2162 521 2197 Credimus
545 2163 727 2204 reductum,

303 2212 409 2244 Adam
435 2209 553 2243 fraude
577 2212 719 2253 pessima

352 2260 493 2293 Satanae
514 2261 694 2294 seductum.

267 2366 275 2374 .
302 2340 384 2379 Ave,
409 2347 515 2370 meum
540 2339 696 2380 gaudium

350 2388 401 2422 Tu
425 2387 602 2431 peculiare,

304 2437 400 2471 Cuius
426 2446 512 2470 nunc
539 2436 748 2478 praeconium

329 2489 436 2523 Gonor
462 2487 649 2531 demanare,

1006 1917 1122 1951 Cordis
1148 1918 1212 1950 mei
1240 1917 1396 1958 gremium

1053 1966 1207 2008 Digneris
1231 1967 1403 2011 mundare,

1004 2016 1052 2049 Ut
1076 2020 1110 2048 te
1134 2026 1174 2049 ac
1200 2020 1289 2049 tuum
1314 2015 1420 2049 filium

1051 2065 1179 2107 Dignus
1204 2065 1267 2098 sim
1292 2066 1442 2099 laudare.

943 2144 977 2176 3.
1003 2144 1085 2187 Ave,
1114 2143 1205 2176 sidus
1232 2144 1359 2184 grat-iae

1051 2192 1230 2225 Praestans
1256 2192 1351 2224 iustis
1378 2202 1497 2237 rorem,

1002 2241 1226 2274 Firmamento
1252 2241 1378 2281 gloriae

1052 2289 1174 2322 Mirum
1202 2290 1283 2323 dans
1309 2290 1533 2336 splendorem,

1003 2338 1107 2371 Matri
1134 2339 1191 2371 des
1218 2339 1377 2372 ecclesiae

1053 2387 1157 2420 Tuum
1183 2397 1244 2430 per
1265 2397 1409 2422 amorem

1004 2436 1148 2469 Titulum
1176 2437 1333 2470 victoriae

1054 2486 1177 2521 Contra
1201 2487 1408 2526 bellatorem.
