1650 2671
642 599 695 632 IX.
722 600 919 632 Psalterium
941 600 1085 632 tertium.

591 701 827 735 Distichon
861 702 1143 743 prooemiale.

233 795 437 832 1.1nfinitae
463 802 496 830 et
520 799 663 832 invictae

330 848 406 880 Iesu
432 856 490 879 rex
514 848 696 891 potentiae,

282 896 332 928 Tu
361 896 498 937 dignare
524 897 604 929 mihi
632 895 713 929 dare

328 945 456 978 Donum
483 946 676 986 sapientiae.

233 1054 267 1088 2.
283 1050 356 1087 Huc
380 1056 560 1098 aspectum,
584 1054 648 1086 huc
674 1053 826 1086 affectum

335 1102 450 1144 Dirige
474 1103 665 1146 propitium,

280 1152 392 1185 Omnis
418 1151 495 1184 doni
521 1154 619 1193 atque
643 1151 720 1185 boni

328 1201 361 1234 A
387 1209 450 1242 quo
478 1204 527 1233 est
551 1201 693 1234 initium.

239 1310 270 1343 3.
286 1305 350 1350 En,
379 1318 527 1350 propono
554 1314 609 1343 tuo
638 1310 722 1343 dono

332 1358 469 1392 Carmen
492 1359 553 1392 tibi
580 1368 742 1401 promere,

280 1407 328 1441 Ut
352 1411 385 1440 te
409 1409 518 1441 Iesum
543 1417 642 1450 saepe
668 1408 792 1441 laesum

331 1458 453 1498 Queam
479 1455 598 1490 flexum
625 1457 777 1492 reddere.

946 800 978 831 4.
995 794 1050 833 Sis
1076 798 1209 832 adiutor
1236 802 1269 831 et
1295 800 1486 841 instructor,

1043 848 1092 881 Ut
1113 850 1148 879 te
1172 849 1297 889 possim
1321 847 1429 881 libere

997 895 1196 929 collaudare
1221 900 1254 929 et
1279 906 1390 930 amare

1044 945 1090 978 Et
1115 945 1242 978 sincere
1269 954 1397 987 sapere.

946 1056 977 1087 5.
993 1051 1241 1096 Unguentorum
1267 1064 1319 1087 me
1344 1057 1472 1087 tuorum

1047 1103 1139 1145 Unge
1164 1104 1365 1136 aromatibus

994 1152 1037 1184 Et
1063 1152 1245 1193 praeclaris
1271 1154 1318 1185 tui
1345 1153 1435 1193 paris

1042 1201 1145 1242 Cinge
1171 1201 1431 1235 charismatibus.

951 1318 982 1346 o.
999 1307 1191 1344 Seductoris
1217 1313 1251 1342 et
1275 1312 1419 1352 raptoris

1042 1360 1235 1392 Animarum
1263 1359 1365 1393 obrue

995 1408 1136 1453 Cunctas
1161 1407 1307 1450 fraudes,
1334 1409 1382 1440 uti
1409 1409 1523 1441 laudes

1041 1454 1117 1490 Tibi
1140 1467 1280 1499 pangam
1307 1462 1450 1493 strenue,

676 1574 991 1616 Quinquagena
1016 1576 1043 1608 I.

202 1673 233 1706 1.
248 1674 331 1714 Ave,
359 1674 485 1716 lignum
503 1674 592 1706 vitae
609 1672 829 1714 fructiferum,

251 1722 410 1755 Fructum
438 1720 549 1755 ferens

325 1780 454 1805 menses
485 1781 547 1814 per
570 1772 727 1814 singulos,

255 1820 333 1853 Cum
352 1822 386 1853 in
405 1821 470 1854 fine
487 1822 617 1854 veneris
635 1826 829 1864 temporum,

254 1871 346 1903 Inter
381 1874 454 1904 tuos
478 1880 538 1903 nos
566 1880 652 1911 pone
676 1871 829 1905 ramulos

201 1978 235 2013 2.
251 1980 334 2023 Ave,
365 1978 445 2012 celsi
469 1979 615 2012 tonantis
638 1979 736 2012 unice

248 2028 327 2071 Fili,
355 2029 485 2062 solvens
511 2029 641 2070 peccati
668 2028 809 2069 vincula,

250 2078 340 2119 Rege
364 2081 485 2111 statum
504 2078 611 2119 plebis
633 2077 826 2119 catholicae,

250 2127 375 2160 Cuncta
395 2127 523 2169 pellens
541 2127 582 2161 ab
605 2137 643 2161 ea
660 2127 828 2162 scandala.

204 2239 234 2272 3.
251 2239 334 2279 Ave,
361 2237 445 2281 Iesu,
476 2239 606 2270 creator
631 2236 784 2278 omnium,

247 2286 345 2320 Diem
371 2287 446 2319 luce
474 2286 594 2320 decora
618 2287 776 2327 vertiens,

247 2336 299 2369 Ne
324 2337 504 2378 malignum

319 2395 383 2428 me,
412 2395 544 2429 quaeso,
573 2385 733 2419 somnium

246 2436 386 2477 Turbet,
415 2436 546 2477 quando

322 2486 454 2526 quiesco
483 2485 660 2520 dormiens¹

907 1675 940 1707 4.
966 1674 1052 1716 Ave,
1078 1674 1199 1714 lumen,

1048 1733 1110 1765 quo
1137 1726 1272 1755 sanctae
1298 1723 1428 1756 animae

967 1773 1148 1814 Insignitae
1173 1772 1297 1805 habent
1320 1773 1492 1816 laetitiam,

966 1823 1082 1856 Fronti
1106 1830 1199 1854 meae

1037 1871 1108 1904 Tau
1131 1870 1258 1911 signum
1276 1871 1442 1913 imprime,

967 1921 1036 1960 Quo
1066 1921 1100 1952 in
1132 1918 1198 1952 fine
1224 1922 1376 1962 cognosci
1402 1921 1540 1956 valeam.

915 2031 946 2063 5.
961 2029 1045 2070 Ave,
1072 2029 1157 2072 1esu,
1186 2031 1219 2061 te
1246 2029 1452 2071 diligentium

965 2078 1100 2111 Scutum
1125 2080 1222 2119 atque
1249 2088 1370 2112 corona
1394 2080 1529 2121 gloriae,

965 2128 1068 2161 Omne
1093 2125 1187 2161 aufer
1213 2137 1233 2160 a
1253 2138 1306 2161 me
1322 2129 1536 2162 mendacium.

965 2177 1018 2209 Ne
1045 2177 1200 2210 secludar
1225 2187 1245 2211 a
1270 2187 1371 2220 regno
1397 2179 1539 2219 patriae.

918 2287 950 2320 6.
966 2287 1048 2331 Ave,
1077 2295 1137 2328 per
1164 2296 1259 2328 quem

1036 2338 1173 2370 exactor
1200 2340 1376 2371 contumax

960 2385 1024 2419 Est
1050 2386 1237 2419 destructus
1258 2387 1293 2419 in
1312 2386 1409 2420 funus
1427 2385 1540 2428 inferi,

962 2435 1171 2469 Medicamen
1197 2436 1321 2477 largire
1347 2434 1467 2469 efficax

964 2486 1159 2519 Animarum
1186 2489 1374 2518 nostrarum
1401 2486 1540 2519 vulneri.
