1650 2671
169 193 249 230 119.

172 618 252 650 120.

172 1038 251 1072 121.

175 1458 252 1490 122.

175 1880 256 1912 123.

174 2301 254 2334 124.

278 195 303 229 Ο
329 194 449 228 bonum
475 189 673 227 bonificans*

325 245 458 278 Omnem
485 243 677 285 bonitatem,

277 294 403 328 Iniusta
427 291 607 325 iustificans

328 343 391 375 Per
417 341 657 382 aequalitatem,

277 391 420 424 Dissona
444 389 621 430 pacificans

328 441 379 474 Sis
405 448 465 480 per
494 439 662 472 caritatem

277 489 321 522 Et
347 488 390 521 ad
416 497 526 520 veram
555 496 711 521 revocans

328 537 594 571 Unanimitatem.

280 617 426 650 Trinitas
451 616 621 655 altissima,

327 665 432 698 Tuum
457 674 518 705 per
543 665 698 697 honorem

279 715 315 748 111
343 722 403 752 me,
432 722 561 757 quaeso,
592 722 762 746 concrema

330 763 461 796 Peccati
487 763 667 806 madorem,

277 813 354 845 Mea
379 812 427 843 sic
451 811 485 843 in
512 812 621 844 anima

328 859 454 894 Perfice
481 870 633 904 amorem,

279 910 394 943 Laude
419 909 481 941 hac
503 912 539 941 ut
565 910 689 950 optima

328 959 436 999 Digne
460 961 494 990 te
518 958 684 991 honorem.

281 1039 366 1078 lesu,
393 1045 459 1076 pax
486 1036 689 1069 credentium

332 1085 489 1125 Pacisque
515 1088 654 1117 testator

276 1134 320 1167 Et
347 1134 379 1166 in
407 1142 490 1173 pace
516 1134 673 1165 stantium

331 1183 440 1215 Iustus
465 1182 674 1225 praemiator,

282 1231 430 1264 Omnium
460 1230 661 1262 discordium

330 1279 381 1312 Sis
405 1277 606 1323 pacificator,

284 1329 369 1369 Quos
397 1328 487 1360 ducit
511 1328 544 1360 in
572 1329 682 1360 odium

331 1377 425 1410 Pacis
453 1377 662 1417 depravator.

283 1457 367 1500 Lux,
396 1465 479 1496 quae
504 1456 538 1487 in
566 1456 704 1497 caligine

334 1506 437 1538 Recte
464 1505 658 1549 specularis,

285 1554 363 1587 Cum
390 1554 459 1586 solo
485 1555 646 1586 amamine

331 1603 436 1636 Menti
462 1604 629 1647 relevaris,

280 1653 374 1694 Iungi
400 1652 479 1684 mihi
506 1651 628 1685 famine

332 1700 408 1735 Tibi
434 1702 583 1743 patiaris,

282 1751 397 1784 Donec
422 1753 455 1782 te
480 1751 513 1783 in
539 1751 662 1783 lumine

334 1799 431 1833 Cerni
455 1800 618 1840 largiaris.

282 1877 482 1911 Benedictus
508 1877 678 1920 Dominus,

332 1927 480 1960 Omnium
509 1931 647 1970 creator,

283 1976 384 2016 Quem
409 1976 525 2008 laudat
550 1977 706 2010 attentius

332 2025 421 2057 Tuus
447 2028 631 2067 venerator,

282 2075 338 2106 Me
363 2073 517 2106 molestat
542 2074 673 2116 Stygius

328 2123 534 2162 Frequenter
561 2126 704 2168 venator,

284 2171 383 2211 Quem
411 2171 534 2203 avellas
561 2172 668 2214 citius,

332 2221 357 2254 Ο
385 2220 429 2251 mi
456 2221 650 2256 consolator.

283 2299 308 2332 Ο
335 2297 584 2332 inaestimabilis

330 2349 433 2381 Amor
460 2348 604 2389 deitatis,

283 2398 352 2438 Quo
378 2396 531 2429 subvenit
555 2398 691 2439 singulis

331 2446 434 2480 Nobis
462 2446 696 2488 condemnatis,

811 93 857 130 50

873 420 954 453 125.

876 840 954 874 126.

876 1260 958 1293 127.

883 1684 960 1716 128.

875 2105 956 2138 129.

984 193 1048 226 Sed
1076 195 1109 226 et
1134 199 1254 235 aequat
1279 192 1404 234 angelis

1029 242 1103 276 Suis
1128 242 1331 284 praedicatis

980 291 1027 324 Et
1051 291 1151 324 finitis
1177 292 1317 325 saeculis

1031 341 1148 382 Iunget
1171 350 1230 374 nos
1257 340 1373 374 beatis.

982 419 1083 462 Deus,
1113 420 1212 453 decor
1237 419 1380 453 omnium

1032 469 1108 502 Sive
1132 468 1355 511 pulchritudo,

982 517 1028 550 Ut
1053 518 1280 558 recipientium

1030 566 1126 606 Capit
1149 566 1312 607 aptitudo,

981 614 1090 647 Pellat
1113 615 1220 647 luctus
1246 615 1389 648 tristium

1029 664 1100 697 Tua
1125 664 1283 705 lenitudo,

981 713 1066 753 Quos
1092 711 1212 754 infligit
1236 712 1377 745 hostium

1029 761 1152 803 Magna
1177 760 1347 795 fortitudo.

982 840 1007 874 O
1035 840 1132 873 beata
1156 841 1298 883 trinitas,

1033 889 1142 922 Virtus
1168 888 1307 934 infinita,

982 938 1123 971 Tuorum
1151 939 1317 972 hereditas

1031 988 1070 1020 In
1097 986 1207 1020 futura
1233 988 1314 1032 vita,

982 1036 1064 1077 Hac,
1092 1046 1110 1068 o
1137 1046 1262 1069 summa
1286 1036 1426 1080 bonitas,

1030 1084 1088 1116 Me
1112 1094 1152 1117 ac
1176 1094 1265 1118 meos
1293 1086 1371 1124 dita,

984 1132 1061 1165 Cum
1090 1142 1246 1173 praesens
1273 1134 1442 1166 calamitas

1031 1181 1146 1214 Fuerit
1169 1181 1271 1216 finita.

986 1259 1071 1292 Diva
1094 1261 1268 1303 sapientia,

1032 1309 1135 1341 Forte
1160 1310 1350 1343 alimentum

982 1358 1074 1390 Dans
1101 1359 1186 1391 inter
1213 1360 1363 1392 convivia

1035 1407 1083 1439 Ac
1108 1407 1394 1450 delectamentum,

983 1456 1114 1489 Mentes
1140 1458 1232 1498 reple
1258 1458 1367 1499 gratia

1033 1505 1080 1537 Te
1105 1505 1367 1549 benedicentum,

985 1554 1072 1594 Quas
1098 1558 1237 1595 gravant
1263 1554 1388 1597 flagitia

1032 1603 1129 1636 Milia
1152 1613 1214 1645 per
1240 1608 1378 1640 centum.

987 1682 1094 1716 Causa
1118 1683 1377 1724 pulchritudinis

1033 1732 1155 1765 Rerum
1184 1736 1366 1765 creatarum

989 1781 1061 1813 Nec
1085 1790 1150 1814 non
1177 1784 1209 1813 et
1237 1782 1432 1822 dulcedinis,

1034 1830 1093 1863 Nil
1117 1830 1241 1863 habens
1267 1839 1425 1872 amarum,

986 1879 1147 1912 Mentium
1173 1879 1343 1913 amaminis

1034 1929 1167 1969 Quoque
1193 1930 1385 1962 devotarum

986 1977 1038 2010 Sis
1063 1978 1189 2018 pultrix
1215 1977 1401 2011 formidinis

1013 2026 1306 2061 Conscientiarum.

985 2105 1010 2138 O
1037 2115 1136 2137 unum
1159 2105 1317 2138 unificans

1034 2154 1169 2187 Omnem
1193 2154 1352 2187 unitatem

986 2201 1031 2234 Et
1055 2203 1090 2234 in
1115 2205 1148 2234 te
1173 2202 1387 2243 simplificans

1034 2251 1327 2292 Multiplicitatem,

985 2299 1032 2332 Te
1057 2300 1151 2332 nobis
1179 2300 1419 2334 communicans

1033 2348 1084 2381 Sis
1109 2358 1170 2390 per
1194 2350 1351 2390 pietatem

984 2397 1140 2439 Malaque
1166 2400 1387 2432 exterminans

1032 2446 1079 2479 Et
1102 2447 1319 2489 iniquitatem.
