1650 2671
705 122 948 159 -95,

163 222 245 257 100.
273 223 355 262 Ave,
381 222 588 256 innocentiae

324 273 445 305 Potens
471 274 657 315 reparator,

273 322 376 363 Quam
402 322 511 355 Adam
538 321 716 363 superbiae

325 370 478 404 Perdidit
503 373 660 415 sectator,

979 223 1061 256 Esto
1089 220 1308 255 conscientiae

1029 272 1126 305 Meae
1152 271 1319 314 tutelator,

978 321 1030 354 Ne
1054 322 1100 354 sit
1122 330 1183 354 rex
1207 319 1360 353 fallaciae

1030 369 1111 405 Eius
1140 371 1347 413 depravator.

623 459 940 501 Quinquagena
965 459 1027 493 III.

164 530 246 564 101.
273 530 359 570 Ave,
388 530 445 572 qui
472 529 668 562 terribulum

326 579 439 613 Crucis
467 578 680 618 ascendebas,

276 627 434 661 Miserum
462 628 691 662 homunculum

324 678 436 711 Morte
461 687 534 711 cum
559 677 723 716 solvebas,

276 726 400 759 Tribue
426 726 676 767 tempusculum,

326 774 471 808 Defieam
499 784 561 816 quo
588 774 691 815 nefas,

276 825 327 857 Ne
351 834 480 866 mergar
505 833 565 864 per
590 823 742 856 zabulum

324 874 361 906 In
388 873 531 907 Arverni
558 872 702 906 scrobaS.

165 933 245 966 102.
273 934 356 973 Ave,
383 933 459 966 Iesu
484 932 639 965 scrinium

325 981 584 1024 Benedictionis‚

273 1031 414 1064 Faciens
438 1030 597 1064 iudicium

327 1080 452 1113 Pressis
479 1090 498 1113 a
524 1078 684 1120 profanis,

274 1129 388 1162 Meum
416 1128 615 1162 desiderium

322 1178 465 1220 Repleas
490 1179 525 1210 in
552 1178 657 1220 bonis,

278 1228 408 1261 Pellens
436 1226 662 1261 exterminium

325 1277 572 1310 Tribulationis.

163 1337 245 1370 103.
269 1338 352 1375 Ave,
384 1336 607 1369 amantissime

325 1385 393 1419 Fili
419 1386 518 1417 maris
545 1384 671 1425 stellae,

276 1435 391 1469 Carnis
419 1443 503 1474 quae
528 1433 762 1466 mundissimae

323 1483 371 1518 Te
398 1483 545 1516 contexit
566 1483 664 1528 pelle,

272 1533 348 1566 Tibi
376 1532 587 1566 devotissime

324 1582 496 1616 Credentis
521 1581 695 1614 turmellae

272 1632 386 1666 Motus
409 1640 531 1673 pravos
557 1631 738 1672 comprime

323 1680 509 1722 Culpasque
536 1680 693 1714 convelle.

164 1742 244 1777 104.
271 1741 356 1784 Ave,
383 1741 441 1773 lex
469 1739 670 1773 credentium

316 1789 363 1824 Et
388 1789 608 1832 philosophia,

270 1840 370 1881 Quam
398 1840 433 1872 in
458 1840 565 1873 lucem
591 1839 736 1881 gentium

319 1889 483 1923 Produxit,
509 1889 628 1931 Maria,

269 1938 360 1972 Audi
388 1936 619 1971 confidentium

325 1987 425 2020 Voces
451 1995 530 2020 aure
555 1987 622 2028 pia,

269 2037 397 2070 Devote
424 2037 649 2078 quaerentium

320 2088 392 2121 Hac
417 2091 451 2119 te
475 2086 629 2121 melodia.

160 2149 243 2183 105.
271 2150 355 2189 Ave,
380 2147 458 2180 Iesu
483 2147 617 2189 epulum

316 2197 440 2231 Mentis
467 2204 646 2236 amorosac,

265 2248 369 2288 Quam
394 2255 483 2279 nunc
510 2249 542 2279 et
564 2246 602 2278 in
625 2245 792 2278 saeculum

315 2297 438 2337 Reples
466 2296 607 2341 copiose,

267 2346 403 2380 Sumere
426 2355 478 2379 me
503 2344 668 2380 servulum

314 2396 384 2429 Fac
409 2399 443 2428 te
468 2404 616 2438 operose,

268 2446 319 2479 Ne
345 2455 396 2478 me
423 2446 513 2479 velut
538 2445 675 2477 nihilum

316 2496 461 2538 Spei-nas
489 2495 612 2530 odiose.

875 530 956 563 106.
983 530 1064 571 Ave,
1093 529 1161 561 orci
1185 528 1318 570 pessula

1029 578 1090 618 Qui
1117 577 1336 610 comminuisti

979 627 1024 659 Et
1049 629 1233 659 sanctorum
1263 625 1394 659 vincula

1028 675 1175 708 Fortiter
1198 675 1320 716 rupisti

980 724 1105 764 Hisque
1130 724 1343 757 tabernacula

1031 772 1120 805 Caeli
1146 772 1300 816 tribuisti,

977 822 1024 855 Ut
1048 831 1164 864 regnes
1189 821 1223 854 in
1247 822 1388 861 saecula,

1030 871 1165 910 Quando
1191 870 1380 904 ascendisti.

875 931 953 964 107.
981 931 1063 970 Ave,
1090 930 1264 963 exsultatio

1028 979 1204 1013 Beatorum
1233 980 1332 1021 clara,

979 1028 1077 1062 Fidei
1104 1038 1197 1069 quam
1224 1028 1314 1061 natio

1030 1077 1203 1111 Collaudat
1227 1078 1410 1121 praeclara,

982 1127 1046 1161 Cor
1070 1136 1177 1160 meum
1204 1136 1223 1159 a
1248 1128 1339 1168 vitio,

1028 1180 1163 1217 Quaeso,
1190 1177 1347 1210 mundum
1372 1185 1464 1217 para,

982 1226 1039 1260 Uti
1066 1225 1225 1259 habitatio

1027 1275 1106 1308 Tibi
1130 1274 1187 1308 fiat
1213 1284 1301 1310 cara.

872 1334 953 1368 108.
979 1335 1063 1376 Ave,
1090 1336 1165 1369 Iesu
1191 1335 1307 1376 parilis

1030 1385 1120 1417 Patri
1147 1384 1389 1425 pneumatique,

980 1433 1079 1473 Quem
1105 1433 1230 1467 1udaea
1253 1432 1373 1467 flebilis

1028 1482 1162 1515 Abiecit
1185 1483 1295 1524 inique

977 1532 1024 1565 Et
1048 1532 1097 1565 sic
1123 1532 1328 1565 admirabilis

1026 1580 1148 1615 Exstas
1175 1582 1348 1623 utrobique

977 1630 1128 1672 Mihique
1152 1630 1304 1664 amabilis

1026 1680 1178 1722 Appares
1204 1680 1333 1722 ubique.

869 1739 949 1773 109,
977 1740 1060 1781 Ave,
1087 1740 1162 1773 Iesu
1187 1739 1306 1774 lucifer

1029 1789 1179 1823 Rutilans
1203 1790 1237 1822 in
1260 1799 1364 1834 inane,

980 1838 1147 1872 Praecluis
1173 1837 1339 1872 vexillifer

1027 1888 1139 1922 Plebis
1165 1889 1374 1927 christianae,

980 1936 1108 1979 Stipum
1134 1939 1236 1981 reple,
1265 1937 1383 1980 opifer,

1026 1987 1084 2020 Me
1110 1988 1243 2020 caelesti
1267 1997 1364 2030 pane,

976 2035 1027 2069 Ne
1052 2046 1104 2069 me
1129 2037 1238 2070 vincat
1264 2037 1403 2078 pestifer

1024 2086 1138 2119 Hostis
1164 2087 1199 2119 in
1225 2096 1338 2128 agone.

867 2145 947 2180 110.
976 2147 1056 2186 Ave,
1087 2147 1153 2179 dux
1179 2146 1393 2188 credentium,

1028 2195 1156 2229 Veritas
1182 2196 1304 2237 divina,

974 2245 1046 2278 Tua
1070 2245 1198 2286 pellens
1223 2246 1337 2279 vitium

1021 2296 1133 2329 Aurea
1161 2296 1320 2337 doctrina,

970 2345 1106 2389 Quaeso,
1133 2348 1210 2387 post
1233 2345 1391 2379 iudicium

1023 2393 1103 2428 Tuis
1128 2404 1181 2428 me
1207 2394 1367 2436 combina,

974 2444 1030 2478 Sic
1055 2454 1075 2477 a
1099 2445 1307 2488 pereuntium

1024 2495 1219 2528 Praeserves
1247 2495 1352 2528 ruina.
