1650 2671
117 216 173 250 81.

116 639 172 673 82.

115 1058 171 1093 83.

116 1479 173 1513 84.

112 1901 168 1934 85.

116 2323 174 2357 86.

200 217 282 261 Ave,
310 218 412 259 virgo,
440 216 580 250 medium

247 266 397 300 Hominis
423 269 456 298 et
476 266 550 309 Dei,

201 315 301 350 Unde
326 315 540 357 patrocinium

247 365 350 397 Tuum
376 367 537 405 quaerunt
561 364 620 405 rei,

197 413 295 446 Meae
320 412 516 447 adiutorium

247 462 314 495 Des
337 462 515 506 progeniei,

199 510 333 544 Gratiae
358 511 557 552 praesidium

243 559 429 603 Largiendo
456 560 495 595 ei.

200 639 282 679 Ave,
308 639 387 672 luna
413 639 532 672 clarius

248 688 375 722 Lucens
403 688 527 720 cunctis
555 688 671 729 stellis,

198 738 229 769 A
257 737 383 770 devotis
408 737 570 769 mentibus

243 786 410 819 Tenebras
436 795 518 827 quae
543 786 649 826 pellis,

196 835 297 868 Modo
325 834 605 868 crebrescentibus

246 883 361 917 Finem
388 893 472 924 ponc
495 883 602 921 belliss

198 932 249 965 Ne
274 933 341 966 suis
368 932 576 965 credentibus

246 981 396 1015 Noceant
419 981 585 1021 procellis

197 1060 279 1102 Ave,
305 1069 397 1093 mons
424 1069 442 1091 o
468 1058 618 1100 frugifer,

243 1109 340 1141 Mons
365 1108 560 1152 securitatis,

199 1158 299 1197 Quem
325 1158 455 1199 ignorat
479 1155 617 1197 pestifer

244 1206 371 1239 Auctor
396 1205 582 1248 pravitatis,

194 1255 290 1298 Meis,
318 1257 431 1287 sancta
455 1254 583 1295 mulier,

244 1304 390 1344 Impetra
415 1303 559 1345 cognatis

196 1352 315 1385 Vivere
340 1352 528 1393 perenniter

243 1402 322 1435 Cum
351 1401 616 1443 praedestinatis.

201 1480 282 1520 Ave,
311 1488 393 1520 quae
417 1478 577 1511 laetitiam

244 1529 379 1571 Angelis
406 1526 524 1570 fecisti,

197 1577 315 1609 Mundi
341 1577 483 1618 priscam
510 1577 647 1618 gratiam

243 1626 323 1660 Cum
348 1626 549 1664 reinvenisti,

194 1674 341 1716 Mihique
369 1674 425 1707 des
452 1674 580 1707 veniam

245 1723 416 1757 Peccatori
439 1724 536 1767 tristi,

198 1773 281 1806 Olim
305 1771 511 1814 plurifariam

246 1821 305 1855 Cui
332 1822 540 1855 benedixisti.

196 1901 264 1934 Ave
308 1909 390 1942 quae
416 1900 558 1933 feliciter

245 1950 408 1983 Christum
436 1951 586 1992 genuisti,

196 1997 319 2031 Tamen
345 1998 543 2031 mirabiliter

243 2048 345 2089 Virgo
371 2049 590 2090 permansisti,

196 2096 260 2129 Per
285 2097 371 2129 viam
397 2097 548 2129 hilariter

241 2145 315 2178 Duc
340 2154 401 2181 me,
427 2154 522 2186 quam
549 2148 707 2190 transisti,

195 2194 330 2234 Quando
356 2194 568 2227 laudabiliter

242 2243 280 2276 In
309 2243 430 2275 mundo
456 2243 579 2278 vixisti.

203 2323 286 2365 Ave,
311 2322 373 2355 Dei
400 2320 460 2354 filii

245 2372 368 2407 Civitas
393 2371 530 2414 munita,

199 2421 356 2455 Caelestis
381 2420 539 2461 praesidii

245 2471 346 2504 Manu
374 2470 545 2510 custodita,

740 118 807 154 204
862 140 902 144 —

813 444 870 477 87.

813 866 870 899 88.

812 1287 868 1320 89.

814 1707 870 1740 ΩΟ.

811 2130 870 2163 91.

897 217 991 251 Dono
1019 229 1070 252 mc
1096 218 1221 251 consilii

946 268 1160 309 Praemioque
1187 268 1257 301 dita

901 315 1098 357 Sempiterni
1124 317 1235 358 gaudii

946 366 983 398 In
1010 364 1120 398 futura
1146 366 1223 399 vita.

897 444 979 487 Ave,
1006 447 1121 488 mater,
1148 444 1269 485 hydria

949 493 1098 526 Caelicae
1124 491 1260 534 farinae,

897 540 1099 575 Praestantis
1124 542 1292 583 praesidia

946 590 1041 623 Plebi
1065 591 1268 631 peregn'nae‚

901 639 1004 672 Sacra
1030 639 1229 671 eucharistia

948 688 1030 722 Ciba
1054 696 1106 720 me
1131 687 1165 720 in
1190 687 1265 729 fine,

899 738 976 772 Cum
1005 736 1180 770 cessabunt
1203 736 1296 769 varia

946 787 1038 820 Artis
1064 786 1256 821 medicinae.

897 866 981 905 Ave,
1009 864 1082 898 fons
1108 864 1254 897 laetitiae

947 915 1101 955 Fonsque
1125 913 1268 957 pietatis,

898 963 987 996 Fons
1012 961 1258 995 misericordiae

946 1014 997 1044 Ac
1022 1011 1243 1052 benignitatis,

896 1060 1048 1102 Rigorem
1075 1059 1222 1092 iustitiae

945 1110 1085 1143 Sanctae
1109 1108 1268 1141 trinitatis

894 1159 1005 1199 Placa‚
1032 1160 1137 1191 mater
1162 1158 1298 1199 gratiae,

945 1207 1059 1240 Finem
1087 1207 1167 1239 dans
1192 1208 1349 1247 peccatis

896 1287 979 1328 Ave,
1005 1286 1117 1329 stirPS,
1147 1285 1302 1318 divinitus

943 1335 1121 1368 Pulchrum
1147 1334 1281 1375 gignens
1305 1334 1431 1377 florem,

897 1384 957 1424 Qui
985 1382 1111 1416 devotis
1138 1383 1303 1416 mentibus

944 1433 1065 1465 Mirum
1094 1431 1152 1464 dat
1176 1432 1321 1474 odorem,

897 1481 962 1515 Sed
989 1481 1051 1513 tibi
1076 1490 1158 1523 prae
1183 1481 1331 1514 omnibus

943 1530 1096 1572 Largiter
1123 1530 1272 1564 decorem

894 1579 940 1612 Et
962 1588 1049 1612 nunc
1073 1578 1107 1611 in
1135 1579 1330 1613 caelestibus

941 1628 1088 1661 Laudem
1115 1631 1147 1660 et
1170 1628 1336 1664 honorem.

897 1707 981 1746 Ave,
1008 1709 1109 1750 virgo,
1138 1706 1281 1739 tristium

945 1755 1094 1788 Clemens
1119 1756 1319 1789 consolatrix

894 1804 946 1836 Ac
968 1807 1041 1837 tuos
1067 1805 1267 1837 laedentium

944 1854 1027 1887 Dira
1054 1854 1290 1897 comminatrix‚

894 1903 976 1936 Esto
1004 1906 1037 1935 te
1061 1903 1233 1936 colentium

945 1952 1004 1984 Pia
1030 1952 1226 1997 reparatrix,

894 2001 1035 2034 Multum
1063 2011 1143 2043 quos
1168 2011 1229 2043 per
1255 2003 1369 2037 vitium

944 2052 1058 2084 Laesit
1084 2050 1195 2093 Stygis
1221 2052 1342 2086 natrix.

898 2131 982 2172 Ave,
1009 2135 1114 2162 mater
1139 2139 1300 2171 generans

945 2178 1049 2211 Nobis
1077 2179 1331 2221 redemptorem,

895 2228 956 2268 Qui
982 2228 1089 2260 scelus
1116 2228 1336 2261 exterminans

946 2275 1068 2312 Aufert
1093 2279 1126 2307 et
1151 2280 1328 2317 auctorem,

898 2324 1002 2357 Nobis
1029 2325 1244 2357 reconcilians

945 2373 1027 2406 Esto
1055 2375 1245 2414 creatorem,

896 2422 1025 2454 Mentes
1051 2424 1203 2455 nostrans
1229 2431 1387 2464 reparans

948 2471 1029 2504 Eius
1055 2479 1116 2514 per
1142 2480 1293 2506 amorem.
