1650 2671
179 204 267 238 141.

182 1045 262 1078 143.

189 1463 265 1496 144.

177 1883 257 1917 145.

728 103 964 140 —52-

297 204 321 238 Ο
349 204 418 237 vita
443 203 630 241 viventium,

340 254 417 286 Vita
443 252 628 296 singularis,

297 301 405 335 Causa
430 301 654 333 exsistentium

341 353 429 385 Vere
454 351 665 390 nuncuparis,

290 399 458 434 Mentibus
486 399 658 432 colentium

341 449 368 482 T
372 457 389 481 e
416 448 488 481 odis
510 448 692 489 praeclaris

293 498 330 531 In
357 506 456 539 regno
484 497 673 529 caelestium

340 547 457 580 Sedem
483 546 645 587 largiaris,

261 653 267 660 .
297 626 321 659 O
349 626 406 658 lux
432 624 617 666 invisibilis,

342 674 560 714 Superluccns
587 676 713 712 cuneta,

293 724 454 757 Omittens
480 723 513 754 in
540 723 675 763 singulis

344 772 458 812 Neque
486 772 548 804 duo
574 775 706 813 puncta,

288 821 352 854 I’ro
379 820 445 852 suis
471 820 609 860 piaculis

338 868 446 904 Corda
471 878 559 901 nune
585 873 778 909 compuncta

287 917 405 951 Sei-ves
431 927 451 949 a
475 918 630 958 perieulis

337 967 421 999 Viva
447 970 480 998 et
506 965 670 1001 defuncta.

289 1044 479 1077 Creatorum
508 1045 647 1077 omnium

340 1092 498 1125 Dominus
525 1102 564 1124 ae
588 1096 708 1136 rector,

289 1141 364 1173 Tibi
390 1141 599 1173 servientium

337 1188 392 1221 Ad
417 1189 517 1220 vitam
546 1189 700 1233 director,

287 1238 326 1270 In
351 1245 404 1269 me
428 1238 676 1279 malignantium

335 1286 479 1318 Fraudis
504 1286 549 1319 sis
577 1287 730 1330 director,

285 1335 338 1368 Ab
365 1335 416 1368 his
442 1335 477 1367 in
502 1339 696 1376 perpetuum

333 1385 537 1425 Praepotens
562 1388 740 1425 protector.

294 1463 319 1496 O
346 1463 623 1503 superlaudabilis

335 1511 458 1545 Divina
482 1512 636 1545 maiestas

285 1561 331 1593 Et
354 1560 587 1601 insuperabilis

333 1610 486 1650 Miraque
510 1613 671 1653 potestas,

284 1659 422 1691 Praesta
447 1659 542 1691 nobis
569 1658 700 1692 famulis

332 1709 481 1742 Virtutes
506 1709 682 1752 modestas,

287 1758 372 1798 Quos
399 1758 519 1797 premit
547 1758 742 1792 damnabilis

335 1806 502 1839 Scelerum
529 1809 717 1848 tempestas,

284 1884 360 1917 Ens.
394 1893 500 1925 causa,
527 1886 726 1927 principium

336 1933 527 1967 Creatarum
555 1944 674 1977 rerum,

284 1983 384 2023 Quem
410 1991 472 2022 per
495 1983 531 2016 id
557 1985 768 2024 praeconium

333 2032 447 2064 Laudo
474 2032 581 2064 Deum
607 2043 729 2078 verum,

283 2080 426 2121 Dignum
452 2089 512 2120 per
538 2082 709 2115 servitium

333 2129 382 2161 Te
407 2129 567 2161 colentem
595 2131 718 2164 elerum

284 2177 358 2210 Duc
382 2177 415 2209 in
444 2179 527 2210 caeli
552 2180 706 2220 gaudium

334 2227 412 2259 Post
436 2225 532 2259 finem
562 2227 699 2262 dierum.

889 204 969 237 146.
996 203 1087 237 Deus
1111 202 1376 245 perfectissimae

884 625 965 658 147.

884 1046 963 1078 148.

882 1466 961 1500 149.

879 1889 960 1922 150.

1043 253 1131 286 Fons
1156 252 1381 294 perfectionis,

993 303 1054 343 Qui
1080 302 1315 344 gloriosissime

1042 352 1173 393 Regnas
1201 352 1283 385 caeli
1309 351 1446 393 thronis,

994 400 1047 433 Da
1071 401 1223 433 iuvamen
1249 401 1376 433 animae

1044 450 1281 482 Consolationis

992 498 1203 532 Collaudanti
1228 499 1343 531 intime

1041 547 1090 579 Te
1115 548 1306 588 hymnorum
1333 548 1432 580 sonis..

993 625 1046 657 Ex
1072 634 1146 667 quo,
1173 635 1234 666 per
1259 635 1353 666 quem
1376 627 1500 665 omnia,

1041 674 1143 707 Modo
1169 674 1327 716 singulari

988 724 1122 757 Summa
1147 726 1256 756 exstat
1279 724 1388 756 hostia

1041 772 1145 804 Nobis
1171 773 1206 805 in
1230 773 1339 812 altari,

992 821 1058 853 Det
1082 821 1116 854 in
1144 821 1342 855 conscientia

1042 871 1093 903 Ita
1117 880 1169 902 me
1194 870 1313 911 aptari,

989 919 1035 953 Ut
1061 920 1120 951 sim
1148 920 1217 952 eius
1242 920 1350 961 gratia

1039 968 1164 1009 Dignus
1191 968 1316 1001 satiari.

993 1047 1106 1078 Virtus
1133 1045 1359 1079 substantifica

1040 1094 1192 1127 Summae
1216 1095 1385 1137 trinitatis,

991 1147 1058 1182 Qua
1086 1144 1215 1175 exsistit
1239 1143 1368 1177 fabrica

1039 1192 1283 1232 Universitatis‚

990 1242 1114 1273 Aurem
1138 1243 1227 1273 tuam
1254 1241 1386 1282 adplica

1037 1290 1115 1323 Istis
1141 1290 1356 1333 praedicatis,

991 1339 1114 1378 Quibus
1139 1339 1234 1379 plebs
1260 1341 1410 1381 angelica

1041 1388 1170 1421 Gaudet
1198 1397 1268 1421 eum
1295 1389 1411 1422 beatis

990 1466 1015 1499 O
1043 1466 1111 1499 vita
1138 1466 1276 1509 vivifiea,

1039 1515 1158 1548 Datrix
1185 1517 1289 1549 omnis
1317 1517 1413 1557 vitae,

991 1565 1092 1605 Quam
1117 1565 1216 1598 turba
1241 1566 1390 1607 angelica

1036 1613 1168 1647 Laudat
1195 1615 1359 1656 expedite,

987 1663 1150 1705 Adproba
1174 1664 1257 1696 haec
1283 1665 1412 1697 cantica

1034 1712 1133 1744 Dicta
1159 1713 1313 1753 imperite

989 1761 1128 1802 Tibique
1153 1771 1212 1794 nos
1238 1762 1381 1804 adpliea‚

1039 1809 1117 1843 Cum
1148 1810 1254 1843 dices:
1286 1811 1412 1845 Venite.

989 1888 1014 1921 O
1040 1888 1139 1922 beata
1163 1890 1306 1930 trinitas,

1036 1939 1146 1981 Pater,
1173 1944 1259 1983 nate,
1286 1938 1416 1981 flamen,

988 1988 1052 2020 Per
1077 1997 1173 2029 quam
1197 1989 1393 2021 universitas

1036 2037 1168 2077 Recipit
1189 2038 1351 2075 iuvamen.

985 2086 1161 2126 Adprobet
1185 2086 1368 2128 benignitas

1034 2135 1104 2166 Tua
1130 2135 1193 2167 hoo
1217 2135 1403 2177 laudamen,

989 2182 1116 2215 Ceeinit
1140 2184 1306 2225 pusillitas

1035 2231 1114 2264 Mea
1138 2232 1208 2266 tibi.
1261 2234 1378 2267 Amen.

237 2304 319 2332 Orat.
341 2312 395 2332 ms.
417 2304 603 2342 Tegurinum
629 2314 707 2334 saec.
731 2305 776 2334 15.
817 2307 891 2335 Cim.
913 2309 1069 2336 Monacen.
1092 2307 1129 2337 20
1138 2307 1204 2337 005.
1226 2309 1277 2338 fol.
1300 2308 1337 2339 31
1359 2311 1388 2338 b.
1410 2311 1445 2339 A.
1467 2327 1506 2331 —

160 2344 243 2372 Orat.
265 2352 319 2371 ms.
341 2345 542 2380 Tega-insense
563 2353 640 2373 saec.
664 2344 710 2374 15.
747 2346 820 2374 Clm.
842 2348 999 2376 Monaeen.
1022 2346 1133 2376 20016.
1156 2349 1206 2377 fol.
1232 2348 1287 2380 148
1311 2359 1337 2378 a.
1360 2351 1393 2379 B.
