1650 2671
776 119 845 155 1515
895 140 943 144 --—

146 218 227 252 139.
242 219 326 258 Ave,
351 218 442 259 virgo
468 219 577 251 Aaron
605 218 748 259 gracilis,

242 267 392 301 Paradisi
419 265 537 300 florens
561 267 779 307 amygdalum,

240 316 306 359 Me,
334 316 399 357 qui,
428 316 501 358 heu,
529 324 599 348 sum

311 365 354 398 ad
379 364 500 397 malum
527 363 645 404 facilis,

239 413 290 446 Ne
314 413 490 454 incurram,

320 470 486 503 conserva,
513 462 714 495 scandalum.

144 530 223 563 140.
239 531 320 572 Ave,
350 528 499 571 fragrans
526 540 544 563 o
564 530 646 562 caeli
663 530 779 571 lilium,

240 578 336 612 Cuius
363 578 445 611 odor
468 578 614 612 infirmos
640 583 779 620 recreat,

239 627 332 660 Servi
359 628 404 659 tui
433 628 494 660 hoc
519 626 713 661 sacrificium

240 676 288 710 Ut
310 678 480 709 incensum
504 676 565 710 tibi
591 678 749 713 redoleat.

141 745 221 779 141.
236 746 318 789 Ave,
346 745 448 788 virgo,

311 802 393 834 quae
420 795 500 827 caeli
525 794 709 836 principem

236 843 340 877 Vultu
364 852 493 884 semper

310 892 450 925 iucundo
476 892 625 934 respicis,

240 940 333 974 Dolis
352 941 418 973 suis
437 940 599 974 defrauda
623 951 780 983 aucupem

241 989 441 1023 infernalem
469 999 539 1022 cum
557 991 624 1023 suis
643 992 778 1031 pedicis.

143 1057 321 1098 142.Ave,
348 1058 435 1090 veris
462 1068 538 1092 rosa
559 1057 776 1104 praefulgida,

237 1106 336 1140 Cuius
361 1106 443 1139 odor

314 1153 435 1196 fraglat
459 1158 495 1188 ut
519 1156 696 1199 balsamus,

240 1204 348 1238 Corda
371 1207 485 1237 nostra
509 1208 644 1245 torpore
669 1206 780 1247 algida

236 1254 315 1295 Igne
341 1254 444 1285 sancti
471 1254 614 1286 accende
631 1254 777 1294 spiritus.

140 1321 219 1356 143.
234 1322 316 1362 Ave,
345 1320 448 1355 funda
473 1322 606 1355 victoris
627 1322 776 1365 Davidis,

238 1371 307 1410 Qua
325 1370 436 1403 Golias
461 1380 576 1404 saevus
594 1372 779 1413 perimitur,

237 1421 368 1453 Scutum
377 1419 469 1452 nobis
475 1421 519 1452 sis
531 1421 630 1452 corde
638 1421 779 1462 pavidis,

238 1468 392 1502 Inimicus
405 1478 484 1509 quos
500 1473 575 1501 trux
586 1469 778 1510 insequitur.

843 218 924 252 144.
939 219 1021 258 Ave,
1048 217 1191 250 salutata
1216 214 1387 256 magnifice

940 266 1094 300 Gabriele
1120 275 1139 298 a
1165 265 1235 298 Deo
1261 264 1385 303 nuntio,

939 315 1007 347 Nos
1032 314 1066 346 in
1091 314 1166 346 imis
1188 315 1333 347 iacentes
1351 313 1480 352 respice

936 364 1110 396 Beatorum
1139 365 1271 395 nectens
1298 361 1470 394 consortio.

843 432 921 466 145.
939 433 1022 474 Ave,
1038 439 1120 472 quae
1129 431 1216 463 hunc
1225 430 1363 470 pravisti
1371 429 1481 473 ubere,

941 481 1001 520 Qui
1030 479 1085 511 dat
1114 489 1220 512 escam
1247 479 1475 519 esurientibus,

939 530 996 562 Me
1024 529 1168 570 digneris
1194 529 1323 569 lapsum
1351 529 1476 570 erigere

940 578 1146 612 Conectendo
1172 577 1233 610 tibi
1255 577 1480 617 psallentibus

843 648 923 682 146.
941 649 1023 688 Ave,
1035 647 1138 688 virgo,
1147 656 1230 688 quae
1237 646 1342 678 stellis
1348 645 1482 688 fulgidis

941 696 1115 731 Coronaris
1144 696 1192 728 bis
1219 695 1306 728 senis
1336 697 1481 740 mystice,

940 745 1048 779 Corda
1069 749 1183 778 nostra
1208 743 1346 777 infunde
1371 744 1483 779 fluidis

940 794 1127 828 Gratiarum
1154 794 1233 826 rivis
1259 793 1407 827 mirifice.

841 855 921 886 147.
936 855 1019 893 Ave,
1046 855 1143 893 porta
1166 853 1199 884 in
1230 852 1327 885 domo
1354 852 1486 886 Domini

939 903 1071 943 Clausa,
1085 901 1156 934 Deo
1165 901 1329 934 exsistens
1339 902 1486 943 praevia,

938 951 995 984 Me
1025 951 1187 983 concorda
1203 959 1344 990 superno
1361 950 1485 984 flamini

938 1000 1102 1032 Vitiorum
1126 1002 1309 1032 currentem
1328 1001 1362 1032 in
1379 1001 1444 1035 via.

842 1059 920 1092 148.
935 1058 1018 1097 Ave,
1046 1060 1162 1097 mater⁷
1187 1057 1280 1090 callis
1304 1060 1482 1092 errantium

935 1106 1160 1147 Draconisque
1172 1106 1331 1139 deiectrix
1337 1108 1396 1140 sub
1402 1108 1478 1147 doli,

938 1155 1043 1189 Ghoro
1063 1157 1097 1187 te
1113 1155 1147 1186 in
1167 1155 1266 1188 caelis
1280 1155 1485 1189 laudantium

938 1205 1000 1238 Tui
1026 1212 1137 1236 vocem
1162 1205 1321 1246 coniunge
1347 1204 1471 1239 famuli.

843 1274 923 1308 149.
939 1274 1022 1313 Ave,
1049 1273 1136 1314 regis
1163 1274 1288 1305 aeterni
1316 1274 1439 1316 alitrix,

940 1323 1117 1355 Beatorum
1142 1331 1236 1362 quam

1012 1371 1152 1403 laudant
1179 1371 1316 1416 cantica,

940 1421 1021 1460 illis,
1048 1429 1175 1464 precor,
1206 1430 1223 1454 o
1243 1420 1305 1453 Dei
1325 1423 1485 1463 genetrix,

939 1469 1166 1503 Famulantem
1194 1478 1246 1502 me
1263 1470 1324 1503 tibi
1343 1472 1486 1513 adplica.

459 1539 539 1571 150.
567 1538 651 1580 Ave,
678 1541 783 1571 mater
808 1539 923 1571 mundi
949 1536 1085 1581 opificis,

568 1587 665 1620 Omni
691 1596 807 1620 carens
833 1588 964 1628 peccati
988 1587 1126 1627 macula,

566 1635 731 1681 Melodiis,
762 1637 814 1678 da,
842 1640 875 1669 te
902 1636 1063 1678 organicis

568 1684 714 1718 Laudem
738 1695 797 1726 per
822 1685 952 1718 infinita
976 1686 1116 1719 saecula.

731 1799 887 1840 Parerga.

507 1883 652 1922 Super
677 1882 802 1916 Beati
826 1883 1117 1917 immaculati.

383 1961 539 2001 Aleph.

144 2018 175 2051 1.
191 2020 273 2061 Ave,
301 2029 318 2051 o
344 2020 655 2058 immaculatissima,

191 2068 312 2109 Legem
337 2067 478 2109 implens
504 2070 630 2101 sincero
657 2079 767 2110 opere.

190 2116 312 2149 Mentis
339 2125 429 2149 meae
457 2118 606 2151 conforta
630 2118 755 2155 intima,

191 2166 236 2199 Ut
265 2166 399 2198 eandem
427 2170 548 2207 queant
574 2168 754 2207 exquirere.

402 2253 521 2287 Beth.

144 2316 177 2348 2.
192 2314 275 2355 Avc,
303 2312 393 2354 virgo
420 2322 438 2345 0
465 2312 673 2353 venerabilis,

192 2364 303 2397 Mater
315 2366 422 2396 tamen
438 2366 547 2395 exstas
563 2371 623 2403 per
635 2363 784 2405 gratiam,

197 2413 263 2447 Ora
285 2412 389 2445 Deum
417 2412 569 2453 precibus
596 2412 731 2454 sedulis,

197 2462 304 2495 Vitam
332 2470 433 2494 meam
461 2465 495 2494 ut
523 2462 587 2494 cito
615 2461 784 2503 corrigam.

1089 1962 1242 1996 Gimel.

843 2023 874 2056 3.
889 2021 972 2065 Ave,
1001 2021 1134 2064 Esther,
1166 2023 1255 2054 cuius
1281 2023 1448 2058 industria

890 2071 1007 2112 Fregit
1029 2071 1138 2103 Aman
1166 2071 1269 2113 stygis
1298 2073 1478 2117 consilium,

888 2118 994 2152 Aufer
1020 2129 1040 2151 a
1058 2128 1120 2157 me,
1151 2129 1282 2161 quaeso.
1307 2123 1491 2162 opprobria

890 2168 936 2200 Et
955 2171 1176 2209 contemptum
1196 2168 1306 2202 ferens
1321 2171 1490 2205 auxilium.

1077 2256 1252 2290 Daleth.

846 2316 877 2348 4.
895 2316 978 2358 Ave,
1005 2314 1110 2356 virgo,
1131 2325 1226 2357 quam
1246 2317 1345 2350 corde
1363 2317 1492 2354 fervido

894 2365 1082 2397 Veneratur
1107 2369 1256 2398 nostrum
1283 2367 1466 2411 collegium,

897 2413 1001 2446 Cordi
1024 2422 1095 2446 meo
1122 2414 1268 2455 peccatis
1294 2416 1387 2450 arido

896 2462 1124 2495 Lacrimarum
1151 2463 1287 2497 infunde
1313 2464 1458 2503 fluvium.
