1650 2671
751 107 1017 144 —130-

211 202 271 236 22.
289 202 371 247 Ave,
400 212 497 244 quam
521 214 583 246 per
607 206 694 238 viam
712 207 860 241 iustitiae

289 250 380 285 Deus
408 252 503 286 duxit
530 255 573 287 ad
601 256 684 288 caeli
710 257 840 300 gaudia,

285 301 432 334 Mentem
441 312 547 335 meam
558 302 741 337 confectam
753 307 860 338 macie

293 348 482 383 Gratiarum
509 355 590 393 potu
614 352 751 386 inebria.

211 445 269 478 23.
284 444 367 489 Ave,
380 445 481 486 scala,
492 455 553 486 per
563 455 657 487 quam
666 456 725 479 rex
734 447 859 488 gloriae

286 493 341 526 Ad
363 491 580 535 frangendum

366 543 539 577 descendit
562 542 714 588 inferum,

288 591 466 626 Consolare
491 602 544 626 me
568 597 626 626 tua
651 592 736 626 facie

285 641 537 682 Relinquentem

357 690 444 723 hunc
467 692 623 725 mundum
648 692 813 726 miserum.

216 784 271 817 24.
286 785 370 824 Ave,
398 784 502 827 virgo,
529 783 589 817 fios
615 784 829 829 innocentiae,

285 832 390 865 Fama
414 834 570 866 mundum

355 890 416 921 per
441 884 544 914 totum
571 881 735 923 redolens,

288 931 352 963 Per
378 930 532 963 virtutem
556 934 631 963 tuae
648 931 857 971 praesentiae

284 978 444 1012 Inimicus
466 978 598 1021 fugetur
622 980 790 1020 pestilens.

208 1074 228 1105 2
234 1074 252 1106 5
258 1096 265 1104 .
282 1074 365 1115 Ave,
372 1082 498 1115 gemma
505 1073 622 1115 splend
628 1082 683 1106 ens
690 1074 853 1120 aetherea,

279 1121 448 1155 Thronum
464 1132 583 1156 ornans
597 1123 684 1164 regis
697 1123 853 1164 iustitiae,

282 1170 508 1204 Madefaotum
535 1181 588 1205 me
615 1172 790 1213 cupidinea

282 1219 392 1253 Faece
415 1221 486 1253 rivo
514 1221 656 1254 emunda
680 1223 817 1263 gratiae.

205 1311 265 1346 26.
284 1314 368 1356 Ave,
388 1323 454 1355 per
475 1324 571 1356 quam
591 1317 684 1355 patet
703 1314 856 1349 fidelibus

279 1363 433 1396 Paradisi
463 1364 517 1397 via
541 1364 744 1409 praelucida,

278 1411 362 1445 Mihi
389 1415 493 1454 atque
517 1414 598 1446 meis
623 1413 817 1454 parentibus

278 1462 330 1495 Sis
357 1462 532 1495 reductrix
551 1463 594 1496 ad
613 1462 695 1495 caeli
714 1462 851 1505 fulgida.

206 1555 263 1588 27.
278 1556 361 1599 Ave,
390 1556 483 1598 virgo
510 1557 668 1590 virtutum
695 1558 841 1599 germine

277 1606 444 1639 Creaturis
458 1604 581 1639 florens
594 1615 676 1646 prae
690 1607 851 1650 omnibus,

278 1653 335 1687 Me
362 1658 498 1687 exutum
526 1655 652 1689 carnali
677 1659 820 1698 tegmlne

277 1704 480 1745 Angelorum
505 1705 603 1747 iunge
628 1706 848 1740 concentibus.

210 1798 266 1831 28.
281 1798 364 1836 Ave,
394 1797 483 1830 cuius
509 1797 617 1831 forma
643 1800 771 1841 egregia

276 1846 478 1881 Unicornem
505 1847 621 1881 allexit
645 1857 809 1894 superum,

277 1895 399 1929 Mundi
425 1896 521 1929 huius
546 1897 628 1930 tolle
651 1897 837 1940 naufragia,

276 1944 368 1978 Lites
393 1944 498 1987 aufer,

354 1993 397 2027 da
421 2004 537 2036 pacem
565 1999 760 2037 temporum.

201 2085 360 2127 29.Ave‚
390 2084 481 2117 cuius
508 2089 604 2119 natus
631 2085 672 2118 ab
698 2084 815 2119 inferis

277 2133 373 2167 Victo
400 2142 478 2177 rege
503 2135 633 2176 peccati
660 2136 771 2179 rediit,

279 2184 497 2226 Resurgendo
524 2195 544 2218 a
568 2184 684 2218 tumba
705 2184 832 2219 funeris

281 2233 453 2268 Gloriosus
479 2234 542 2268 tibi
570 2235 735 2277 apparuit.

201 2325 260 2361 30.
277 2326 361 2365 Ave,
389 2323 508 2357 cedrus
535 2334 553 2358 ο
581 2324 776 2370 altitudinis,

276 2373 381 2407 Fastu
398 2375 509 2407 tamen
530 2383 645 2408 carens
664 2375 850 2420 superbiae,

275 2423 407 2457 Donum
432 2423 515 2456 mihi
542 2425 586 2458 da
610 2422 826 2470 fortitudinis,

276 2472 337 2514 Qui
366 2474 545 2507 conturbor
571 2474 682 2507 hostili
708 2474 811 2509 rabie.

918 208 977 243 31.
992 210 1073 253 Ave,
1101 208 1205 248 virge,
1232 207 1329 240 radix
1355 204 1532 248 germinea,

990 257 1124 290 Florem
1151 256 1257 297 campi

1065 307 1200 348 gignens
1227 304 1448 345 credentibus,

992 355 1073 389 Eius
1099 354 1192 388 suavi
1218 354 1319 387 odore
1344 361 1459 386 recrea

992 403 1183 437 Perforatos
1210 403 1338 445 peccati
1364 401 1523 436 sentibus.

919 496 976 530 32.
991 498 1074 541 Ave,
1102 505 1198 538 quam
1224 497 1383 529 iustorum
1409 495 1526 536 religio

992 546 1192 579 Harmoniae
1209 546 1325 578 laudat
1340 544 1561 586 concentibus,

991 595 1177 627 Procelloso
1202 603 1261 627 nos
1289 604 1306 626 a
1332 593 1504 635 naufragio

991 643 1070 676 Tuis
1097 643 1200 676 sacris
1220 652 1377 675 conserva
1394 642 1560 684 precibus.

917 736 973 770 33.
988 736 1071 778 Ave,
1098 735 1214 769 mortis
1240 745 1258 768 o
1286 735 1433 774 abolitio,

989 785 1100 817 Vitam
1125 783 1220 817 nobis

1063 835 1254 866 restaurans
1284 833 1449 877 caelicam,

991 882 1048 914 Me
1074 884 1220 915 notatum
1247 882 1351 915 hostis
1378 882 1524 915 cauterio

989 931 1146 964 Normam
1159 930 1250 964 solve
1258 940 1320 971 per
1327 931 1547 973 evangelicam
1554 957 1561 964 .

919 1025 975 1058 34.
991 1025 1074 1067 Ave,
1103 1026 1193 1058 cuius
1221 1026 1271 1056 est
1297 1024 1402 1058 dulcis
1426 1023 1513 1058 filius

989 1074 1121 1117 Flagris
1150 1073 1222 1106 dire
1248 1082 1361 1106 caesus
1389 1077 1422 1107 et
1446 1074 1562 1116 alapis,

987 1123 1077 1165 Tuis,
1093 1131 1222 1167 quaeso,
1236 1132 1288 1155 me
1297 1124 1389 1157 solve
1396 1123 1561 1167 precibus,

989 1173 1114 1206 Vinclis
1143 1172 1286 1205 vinctum
1489 1171 1497 1176 ’

1060 1220 1184 1254 inferni
1211 1222 1382 1265 principis,

915 1316 1070 1358 35.Ave,
1097 1317 1223 1357 lampas
1251 1325 1269 1348 o
1294 1315 1499 1359 indeficiens,

988 1365 1161 1398 Illustrata
1189 1365 1323 1397 caelesti
1349 1366 1481 1408 lumine,

991 1414 1056 1448 Cor
1083 1416 1198 1448 eodem
1225 1423 1331 1447 meum
1359 1415 1545 1448 caecutiens

989 1464 1109 1506 Purga,
1123 1471 1251 1507 precor,
1263 1463 1304 1496 ab
1314 1465 1402 1497 omni
1412 1464 1558 1499 crimine.

914 1558 968 1590 36.
984 1557 1068 1600 Ave,
1096 1566 1193 1599 quam
1218 1560 1357 1591 virtutes
1383 1558 1538 1592 uranicae

986 1607 1059 1641 Oda
1081 1606 1220 1641 laudant
1236 1607 1341 1640 mirae
1360 1607 1559 1651 dulcedinis,

988 1656 1192 1690 Pronitatem
1219 1655 1341 1690 furoris
1367 1658 1470 1698 abice,

986 1705 1115 1739 Donum
1143 1706 1223 1739 mihi

1063 1756 1144 1789 dans
1169 1756 1443 1791 mansuetudinis

912 1850 931 1882 3
938 1850 969 1883 7.
984 1850 1067 1890 Ave,
1084 1859 1145 1892 per
1155 1858 1252 1890 quam
1261 1859 1352 1883 mens
1362 1850 1562 1884 reviviscere

984 1900 1101 1932 Potest
1126 1899 1218 1940 prius
1240 1900 1387 1939 peccatis
1412 1902 1553 1945 mortua,

985 1948 1191 1982 Damasceno
1217 1957 1270 1981 me
1295 1958 1441 1990 pressum
1462 1959 1563 1983 onere

986 1998 1089 2031 Manu
1112 2001 1170 2031 tua
1194 1999 1323 2039 potenti
1350 2000 1497 2033 subleva.

914 2089 971 2122 38.
987 2087 1069 2132 Ave,
1098 2088 1191 2130 virgo
1217 2088 1341 2128 piatrix
1367 2091 1539 2130 scelerum,

989 2137 1052 2177 Qui
1077 2146 1252 2179 gravamur
1274 2138 1308 2170 in
1336 2139 1546 2184 conscientia,

985 2186 1091 2220 Nobis
1117 2185 1230 2220 confer
1245 2187 1408 2221 iustorum
1426 2197 1561 2230 operum

985 2235 1113 2269 Bonum
1139 2236 1237 2270 finem
1265 2246 1335 2270 cum
1360 2238 1560 2274 sufferentia.

913 2327 970 2361 39.
986 2326 1070 2368 Ave,
1093 2335 1220 2369 gemma
1238 2335 1318 2360 auro
1337 2327 1559 2373 splendidior,

988 2375 1114 2410 Cuncta
1127 2376 1242 2409 mundi
1256 2376 1428 2410 illustrans
1441 2377 1559 2422 spatia,

985 2427 1051 2471 Me,
1072 2426 1200 2468 peccati
1218 2427 1273 2468 qui
1287 2425 1380 2459 faece
1394 2426 1558 2462 tenebror,

986 2476 1057 2509 ¹Tuo
1085 2475 1175 2510 fulvo
1203 2476 1382 2517 splendore
1406 2475 1510 2509 radia.
