1650 2671
725 119 968 156 „34—

212 222 269 255 97.
295 221 471 255 Pulchrum
496 219 729 263 pulchrificans

341 270 607 304 Pulchrificabile

293 320 358 353 Sed
384 324 417 352 et
436 319 623 361 gratificans

342 368 577 411 Gratificabile,

294 417 431 451 Carmen
456 418 519 450 hoc
544 418 674 458 elegans

341 466 391 499 Sit
416 466 619 507 acceptabile

289 515 376 557 Tibi,
403 515 579 558 pacificans

342 564 406 598 Cor
430 574 536 598 meum
562 564 672 597 labile.

208 624 264 659 98.
293 624 318 657 O
344 624 518 657 ineffabilis

340 672 461 706 Divina
486 674 604 714 unitas,

292 721 358 754 Sed
385 722 590 763 explicabilis

338 771 490 804 Personis
515 772 646 804 trinitas

293 819 339 852 Et
363 820 571 861 applicabilis

340 869 459 902 Tribus
484 869 650 909 identitas,

290 919 335 951 At
360 919 414 951 vix
440 918 599 959 capabilis

341 967 378 999 In
406 968 455 1000 his
482 967 686 1008 simplicitas.

911 220 968 254 99.
996 219 1021 253 Ο
1048 217 1246 251 venerabilis

1046 267 1241 309 Summaque
1267 266 1400 310 veritas,

993 316 1237 358 investigabilis

1044 366 1144 400 Cuius
1171 369 1221 398 est
1248 365 1401 407 dignitas,

993 417 1040 449 At
1063 424 1143 449 vere
1167 415 1299 448 humilis

1040 465 1086 498 Et
1110 475 1194 506 pura
1220 464 1340 497 caritas

993 514 1069 547 Erit
1093 514 1253 555 capabilis

1041 563 1107 596 Res
1133 563 1177 596 ad
1202 563 1424 595 absconditas.

885 625 966 657 100.
995 623 1020 655 O
1047 632 1173 655 summa
1192 622 1324 655 trinitas

1041 672 1217 705 Excellens
1243 672 1362 710 omnia,

995 721 1055 754 Cui
1079 721 1276 753 universitas

1042 770 1161 811 Panga
1185 771 1371 814 praeconia,

991 820 1069 852 Mea
1093 819 1258 860 pusillitas

1043 869 1199 901 Incurvat
1223 877 1337 909 genua,

991 917 1034 951 Ut
1059 920 1208 958 praestes
1235 917 1368 959 gratias,

1042 966 1198 998 Dimittas
1224 966 1326 998 varia.

639 1054 963 1096 Quinquagena
987 1054 1051 1087 III.

185 1124 266 1158 101.
295 1123 320 1156 O
347 1122 552 1156 salutiferum

341 1171 488 1205 Devotae
513 1173 640 1204 animae

293 1221 527 1263 Electuarium,

339 1270 413 1302 Iesu
438 1270 597 1311 piissime,

295 1318 401 1352 Chaos
426 1317 619 1360 pestiferum

342 1368 474 1401 Peccati
500 1367 651 1411 reprime,

295 1417 388 1456 Quod
414 1417 535 1457 premit
558 1416 711 1447 miserum

344 1465 400 1498 Me
425 1474 512 1498 nunc
539 1465 740 1506 gravissime.

189 1525 268 1558 102.
295 1524 367 1557 Rex
393 1523 598 1557 admirabilis

344 1572 455 1606 Plebis
481 1572 648 1614 angelicae

298 1621 450 1655 Canentis
477 1622 587 1654 iubilis

346 1670 421 1704 Tibi
445 1671 642 1714 hymnidice,

297 1720 365 1752 Nos
392 1721 497 1752 carnis
524 1720 663 1752 vinculis

346 1769 475 1802 Solutos
503 1769 650 1801 lubricae

300 1817 471 1851 Caelorum
496 1818 612 1850 incolis

346 1867 530 1901 Clementer
555 1867 659 1901 adice.

191 1927 271 1961 103.
300 1926 325 1959 Ο
352 1925 539 1959 inflexibilis

347 1976 450 2008 Amor
474 1975 638 2017 paracliti,

299 2024 410 2058 Nexus
435 2024 584 2057 amabilis

346 2073 457 2107 Patris
483 2077 516 2106 et
539 2072 610 2116 filii,

299 2123 425 2165 Purges
451 2133 471 2156 a
494 2123 631 2155 maculis

350 2171 499 2205 Carnalis
523 2172 596 2204 vitii

296 2222 438 2256 Ovantes
464 2221 568 2253 titulis

348 2270 453 2304 Huius
479 2270 637 2311 obsequii.

193 2331 273 2365 104.
300 2331 372 2364 Pax
397 2333 470 2363 tuos
496 2330 644 2363 muniens

350 2379 473 2413 Serena
496 2379 611 2421 gratia,

301 2429 353 2462 Ab
378 2430 460 2472 ipsis
486 2428 638 2461 auferens

352 2478 471 2521 Culpas
498 2481 530 2511 et
554 2478 645 2520 vitia,

997 1123 1106 1156 Corda
1132 1122 1176 1154 sis
1202 1122 1318 1154 uniens

1046 1171 1077 1203 A
1103 1179 1139 1203 se
1166 1171 1342 1214 discordia,

998 1219 1130 1253 Amoris
1157 1218 1328 1252 conferens

1045 1269 1118 1301 Illis
1143 1269 1291 1301 donaria.

891 1328 970 1361 105.
999 1328 1024 1360 O
1052 1327 1215 1367 sapientia

1045 1376 1093 1408 Te
1117 1375 1314 1416 sapientium

998 1425 1108 1465 Atque
1131 1424 1296 1456 industria

993 1480 999 1489 *
1046 1473 1168 1505 Mentis
1195 1474 1432 1514 quaerentium,

998 1521 1112 1555 Solare
1137 1522 1246 1554 tristia

1049 1571 1158 1604 Corda
1182 1571 1407 1612 maerentium,

998 1620 1046 1653 Te
1072 1620 1273 1653 conscientia

1048 1670 1135 1702 Pura
1161 1670 1346 1704 colentium.

891 1728 969 1763 106.
996 1728 1093 1761 Pacis
1119 1728 1328 1772 principium,

1046 1777 1131 1819 Iesu,
1159 1786 1217 1810 rex
1245 1778 1380 1819 gloriae,

998 1826 1080 1859 Eius
1107 1826 1269 1859 binarium

1046 1875 1228 1908 Declarans
1253 1876 1354 1917 varie,

998 1924 1129 1957 ‘Mentes
1155 1925 1355 1958 discordium

1046 1973 1157 2007 Ducas
1182 1975 1331 2015 plenarie

999 2023 1038 2056 In
1064 2021 1179 2056 foedus
1205 2024 1357 2056 intimum

1043 2073 1151 2106 Verae
1177 2073 1381 2108 concordiae.

895 2132 975 2165 107.
1005 2131 1121 2165 Oriens
1148 2131 1323 2172 splendide

1051 2180 1229 2221 Depellens
1252 2181 1415 2228 tenebras,

1002 2230 1125 2262 Amore
1151 2229 1300 2263 fervidae

1053 2278 1159 2312 Menti
1186 2279 1267 2312 dans
1294 2282 1428 2325 gratias,

1003 2328 1157 2361 Emunda
1181 2329 1336 2363 sordidae

1053 2377 1149 2411 Meae
1174 2380 1362 2424 spurcitias,

1005 2427 1146 2459 Virtutis
1174 2429 1336 2462 candidae

1050 2476 1177 2509 Parans
1205 2478 1352 2513 delicias„
