1650 2671
804 122 848 157 (55

527 220 607 253 100.
622 219 708 263 Ave,
735 221 812 253 Iesu
837 221 967 263 millies,

670 270 754 310 Ave,
782 269 859 303 Iesu
885 270 980 314 bone,

623 317 773 352 Salutate
800 320 922 352 centies

671 367 745 401 Hac
768 368 803 400 in
832 369 993 410 cantione,

618 416 678 449 Me
705 415 890 450 confossum
914 418 1036 459 septies

672 465 840 499 Scelerum
866 476 1022 500 mucrone

620 515 711 548 Tuae
736 517 851 548 matris
878 525 1006 549 recrees

670 564 920 606 Deprecatione.

646 643 959 684 Quinquagena
984 644 1047 679 111.

174 708 350 756 1'01.Ave‚
378 712 465 757 Iesu,
494 714 662 753 speculum

314 762 377 795 Dei
402 763 595 802 maiestatis,

267 811 338 844 Tua
362 816 468 844 morte
494 813 659 844 saeculum

317 861 454 894 Solvens
481 870 501 893 a
523 861 679 903 peccatis,

264 910 373 949 Meae,
399 919 530 952 precor,
556 911 689 944 vincula,

314 957 422 993 Aufer
447 960 634 1001 pravitatis,

265 1008 324 1042 Uti
349 1013 383 1040 te
408 1009 441 1041 in
468 1010 635 1042 saeculum

317 1057 463 1091 Laudem
492 1067 564 1090 cum
589 1058 707 1091 beatis.

173 1117 254 1150 102.
272 1118 354 1157 Ave,
382 1117 432 1149 sol
458 1117 642 1158 praeclario

320 1165 481 1198 Lustrans
507 1171 541 1198 te
566 1172 764 1203 cernentem,

265 1214 406 1247 Faciens
433 1215 519 1247 hunc
544 1214 639 1248 radio

319 1264 483 1296 Virtutum
512 1263 750 1305 splendentem,

271 1312 400 1345 Munda
425 1322 478 1345 me
504 1322 544 1345 ex
570 1314 662 1346 vario

323 1362 454 1395 Scelere
479 1363 676 1406 sordentem,

271 1411 393 1444 Mentis
420 1414 530 1444 tamen
555 1412 674 1454 gaudio

320 1460 367 1493 Te
393 1459 651 1494 benedicentem,

172 1521 253 1554 103.
268 1521 350 1563 Ave,
378 1519 455 1551 vitis
482 1528 641 1560 generans

321 1567 559 1601 Consolationis

269 1617 398 1656 Vinum,
428 1627 484 1651 cor
508 1617 690 1651 laetificans

319 1666 360 1698 Vi
386 1666 582 1708 dilectionis,

271 1716 364 1749 Sitim
394 1717 438 1748 sis
465 1714 665 1758 refrigerans

317 1765 548 1811 Desolationis,

270 1814 371 1855 Quam
398 1814 501 1848 infert
527 1816 749 1849 exterminans

318 1865 466 1904 Impetus
495 1865 655 1898 draconis.

172 1925 252 1958 104A
269 1923 351 1964 Ave,
381 1923 496 1957 dulcor
523 1925 639 1957 veniae

317 1972 458 2006 Animae
483 1973 681 2016 languentis,

270 2022 368 2065 Legis
396 2023 605 2065 evangelicae

318 2072 465 2105 Tramite
492 2073 665 2113 currentiS,

270 2123 309 2156 In
337 2123 399 2155 hac
425 2125 458 2155 te
483 2123 613 2164 poetice

316 2172 433 2206 Laude
457 2172 658 2214 requirentis

265 2222 369 2256 Omne
395 2223 502 2256 scelus
529 2222 623 2255 abice

315 2272 419 2306 Simul
447 2281 520 2305 eum
546 2273 729 2306 tormentis.

166 2335 248 2368 105,
278 2333 360 2375 Ave,
388 2332 543 2366 alimonia

312 2382 457 2424 Spiritus
485 2382 605 2425 devoti,

264 2432 383 2466 Carnis
411 2433 604 2467 castimonia

312 2480 390 2514 Tibi
414 2481 499 2514 bene
525 2483 604 2527 noti,

223 2542 243 2566 J)
252 2548 281 2566 rue
290 2547 325 2564 ve
334 2548 360 2565 s.
378 2540 505 2566 Psalteria
521 2542 725 2565 Wowofontant.

977 714 1074 747 Vitae
1099 715 1314 747 sanctimonia

1025 763 1087 796 Tui
1114 763 1213 796 simus
1240 764 1312 806 toti,

976 811 1096 846 Mundi
1121 821 1182 853 per
1206 813 1318 845 inania

1029 861 1089 901 Qui
1115 871 1225 894 sumus
1250 861 1378 895 remoti.

878 920 1060 963 106.Ave,
1087 921 1147 961 sol,
1176 930 1271 962 quem
1297 921 1408 962 gennit

1024 969 1150 1003 Mundo
1176 970 1274 1003 maris
1300 970 1407 1012 stella,

976 1019 1056 1053 Cum
1083 1024 1115 1052 te
1142 1028 1239 1052 earne
1264 1020 1373 1052 induit

1026 1068 1158 1101 Ventris
1184 1068 1218 1100 in
1245 1069 1379 1110 arcella,

974 1118 1082 1159 Assis,
1110 1117 1186 1157 quia
1211 1118 1317 1157 tepuit

1023 1167 1147 1206 Virtus,
1174 1170 1313 1208 surgunt
1337 1167 1436 1207 bella,

977 1214 1106 1257 Ubique
1131 1215 1295 1248 increbuit

1024 1265 1188 1297 Malorum
1214 1265 1371 1306 procella.

880 1325 958 1357 107.
987 1325 1069 1364 Ave,
1096 1325 1153 1356 lux
1180 1324 1362 1357 videntium

1024 1374 1108 1406 Visu
1133 1373 1294 1412 veritatis,

978 1422 1093 1463 Tuque
1119 1430 1177 1454 rex
1205 1422 1418 1463 credentium,

1025 1471 1130 1504 Iudex
1155 1470 1340 1513 aequitatis,

973 1520 1026 1554 Da
1051 1520 1146 1553 nobis
1173 1520 1330 1553 auxilium

1024 1569 1138 1602 Mente
1163 1570 1340 1610 tribulatis,

972 1620 1157 1653 Removens
1185 1619 1347 1652 obsidium

1021 1668 1138 1701 Hostis
1164 1668 1348 1709 pravitatis,

879 1729 958 1762 105.
972 1730 1045 1762 Ave
1070 1727 1238 1770 infinities‚

1023 1779 1105 1821 Ave,
1134 1781 1248 1817 paster
1275 1777 1369 1818 bone,

979 1827 1078 1860 Plena
1104 1826 1194 1859 cuius
1221 1825 1325 1859 facies

1024 1875 1086 1908 Est
1113 1876 1344 1918 consolatione,

974 1927 1057 1967 Tua,
1083 1933 1212 1966 precor,
1240 1925 1353 1958 obvies

1024 1974 1121 2007 Hosti
1146 1975 1309 2016 passione,

976 2023 1032 2057 Me
1059 2033 1129 2056 oum
1159 2025 1227 2057 eius
1253 2025 1361 2057 rabies

1028 2074 1159 2107 Premet
1183 2074 1218 2107 in
1244 2083 1358 2115 agone.

883 2135 963 2169 109.
980 2137 1061 2173 Ave,
1090 2142 1183 2176 quem
1210 2134 1403 2176 prophetice

1026 2184 1069 2217 Or>-
1095 2184 1259 2216 lsaianum

974 2234 1094 2268 Edidit
1119 2232 1255 2266 mirifice

1023 2283 1112 2317 Fore
1135 2283 1371 2317 incarnandum

976 2334 1109 2376 Dicens,
1138 2333 1172 2366 in
1198 2333 1360 2367 Iesseicae

1027 2383 1145 2425 Virgae
1171 2384 1275 2427 stirpe
1300 2383 1451 2416 standum

974 2434 1118 2478 Florem,
1146 2434 1201 2475 qui
1225 2432 1364 2466 mirifice

1023 2483 1179 2516 Redimztt
1205 2483 1435 2516 damnandum.

1329 2551 1347 2568 ν)
