1651 2671
679 121 949 158 *243—

553 215 580 247 2.
622 216 725 259 Super
745 217 813 249 Ave
840 215 942 249 maris
964 217 1073 249 stella.

151 287 182 320 1.
210 286 295 328 Ave,
323 287 424 320 maris
450 288 594 329 stellula,
920 289 1058 323 Precem
1084 291 1191 322 sumat
1215 288 1376 334 melicam,

260 335 370 369 Decor
398 337 481 369 caeli
505 337 620 380 mirus,
968 339 1071 380 Quam
1095 348 1157 380 pro
1181 340 1393 380 peccatorum

211 383 458 427 Refulgensque
484 387 656 428 gemmula,
920 388 1027 421 Venia
1051 387 1132 421 dant
1156 387 1318 422 lubricam

262 434 390 468 Ornans
416 438 453 468 ut
478 436 643 480 saphirus,
967 437 1033 470 Per
1058 437 1158 470 vitam
1185 436 1357 470 factorum.

210 482 316 516 Prece
342 483 431 526 pelle
456 485 573 519 sedula

261 533 426 567 Vitiorum
453 534 541 567 virus
861 536 894 569 5.
923 534 1137 576 sempiternis
1163 534 1327 578 laudibus,

211 580 258 614 Et
283 592 366 624 quae
391 581 495 616 infert
520 583 679 617 scandala
968 584 1069 626 Virgo
1095 583 1280 626 singularis,

259 631 375 665 Hostis
402 629 495 666 furor
520 632 621 667 dirus,
918 632 950 665 A
976 633 1127 674 supernis
1155 632 1279 665 civibus

968 682 1077 724 Digne
1101 681 1281 722 veneraris,

150 730 183 763 2.
213 728 352 763 Sumens
379 739 440 764 ave
465 730 616 763 inclitum
921 730 1023 771 Opem
1049 729 1100 764 fer
1126 730 1325 772 petentibus,

263 779 429 813 Gabrielis
457 789 525 823 ore,
970 780 1080 813 Mater
1107 789 1224 821 expers
1250 780 1351 823 paris,

211 827 271 868 Qui
298 829 360 862 tibi
385 830 584 869 paraclitum
921 828 1014 861 Mitis
1040 837 1123 870 quae
1149 838 1229 870 prae
1255 828 1403 861 omnibus

258 877 462 911 Adfuturum
490 879 562 912 fore
973 877 1111 919 Semper
1136 877 1352 918 praedicaris

212 925 321 969 Dixit,
348 935 402 959 me
427 927 604 959 sollicitum

259 976 330 1009 Tuo
355 977 389 1009 in
416 976 541 1009 honore
861 977 892 1010 G.
922 975 1029 1008 Vitam
1057 975 1137 1008 mihi
1162 975 1273 1008 tribue

209 1024 287 1058 Irae
312 1024 448 1058 frenans
472 1025 633 1067 impetum
967 1025 1102 1066 Puram,
1127 1022 1202 1057 fons
1227 1024 1398 1068 virtutum,

257 1074 373 1108 Firma
395 1074 430 1106 in
456 1082 577 1108 amore.
920 1073 1033 1115 Sicque
1063 1073 1178 1107 sordes
1205 1072 1313 1116 ablue,

968 1123 1054 1163 Quas
1080 1131 1141 1164 per
1167 1122 1274 1155 carnis
1299 1122 1403 1155 lutum

149 1174 180 1207 3.
210 1171 352 1205 Vincula
377 1172 534 1206 lasciviae
922 1172 1081 1207 Contraxi
1106 1173 1237 1205 assidue

258 1221 358 1264 Vulgi
387 1221 561 1262 depravati
968 1221 1124 1264 Sequens,
1151 1221 1225 1264 heu,
1253 1224 1429 1264 versutum,

209 1269 309 1303 Solve
335 1280 396 1305 nos
422 1271 570 1304 iustitiae
920 1270 1016 1303 Vitae
1040 1279 1127 1303 nunc
1153 1270 1310 1303 occiduae

257 1319 409 1354 Subdens
436 1320 485 1352 tui
510 1320 580 1353 nati
967 1320 1038 1353 Iter
1063 1329 1146 1360 para
1172 1322 1288 1352 tutum.

209 1368 343 1411 Ferque
367 1369 477 1403 lumen
505 1369 631 1411 gratiae

259 1418 403 1452 Nostrae
428 1419 590 1462 caecitati,
858 1420 889 1452 7.
916 1418 1063 1451 Trinitas
1089 1421 1132 1459 te,
1163 1417 1304 1459 domina,

208 1467 311 1501 Oculo
338 1468 498 1501 scientiae
965 1467 1081 1501 Induit
1106 1467 1258 1501 decorem

257 1517 318 1558 Qui
345 1526 457 1551 sumus
484 1517 602 1551 orbati.
915 1516 1051 1550 Gratiae
1078 1516 1160 1549 dans
1187 1515 1323 1549 flumina

965 1566 1012 1599 Et
1036 1565 1145 1599 famae
1171 1564 1342 1609 fulgorem,

148 1616 181 1650 4.
209 1615 363 1649 Monstra
389 1617 423 1647 te
450 1615 649 1649 causidicam
915 1615 1009 1648 Haec
1034 1614 1158 1649 fantem
1181 1615 1371 1656 precamina

254 1665 465 1706 Matremque
490 1674 620 1699 reorum
964 1665 1070 1698 Tuum
1096 1665 1137 1697 ob
1164 1665 1321 1698 honorem

203 1714 338 1747 Prolem
364 1714 416 1747 his
445 1714 595 1748 deificam
914 1714 989 1747 Duc
1014 1715 1057 1748 ad
1082 1714 1165 1747 caeli
1192 1713 1334 1747 culmina

255 1764 406 1808 PlacanS,
434 1767 471 1797 ut
497 1773 608 1798 eorum
963 1763 1083 1797 Mundi
1107 1766 1184 1805 post
1208 1762 1365 1797 laborem.

207 1859 289 1889 Orat.
309 1870 364 1890 ms.
381 1861 568 1898 'Peg-urinum
590 1863 663 1890 anni
685 1859 770 1891 1470.
794 1860 868 1889 olm.
882 1861 1041 1890 Monacen.
1063 1858 1101 1888 20
1110 1858 1177 1889 021.
1199 1874 1237 1880 -—
1258 1860 1314 1888 Bei
1334 1860 1417 1888 Mon<
1447 1860 1487 1893 ΙΙ,

128 1898 363 1969 {lsstitflistfindm
389 1900 454 1929 sich
482 1901 536 1930 das
556 1901 634 1929 Lied
661 1909 716 1930 aus
744 1900 809 1929 ‹li-ei
831 1901 1012 1938 salzburger
1032 1902 1115 1935 Hssz„
1143 1901 1235 1929 deren
1259 1899 1406 1938 Signatur
1426 1908 1491 1927 ver-

584 2065 613 2098 3.
647 2066 693 2098 De
716 2066 853 2099 aeterna
872 2066 1044 2108 sapientia.

141 2142 172 2176 1.
201 2141 310 2181 Salve,
336 2139 434 2174 iubar
460 2140 593 2184 saeculi,
852 2142 885 2174 2.
914 2140 1023 2182 Salve,
1052 2146 1180 2181 gemma
1205 2137 1337 2180 nobilis,

252 2189 358 2223 Stella
383 2191 554 2235 matutina,
961 2189 1050 2222 Vera
1074 2188 1265 2230 margarita,

197 2240 238 2274 In
266 2242 444 2282 conspectu
470 2239 586 2281 populi
916 2238 1057 2272 anlicis
1083 2237 1262 2271 virtutibus

246 2289 368 2332 Fulget
393 2290 450 2323 lux
479 2290 600 2332 divina,
961 2287 1116 2321 Perfecte
1140 2288 1276 2328 munita,

200 2339 290 2380 Quae
317 2343 367 2373 est
394 2347 473 2372 cara
498 2338 648 2380 languidi
911 2337 986 2371 Non
1014 2337 1146 2380 depicta
1171 2336 1332 2377 manibus,

246 2389 345 2423 Vitae
371 2389 546 2434 medicina,
960 2387 1099 2429 Sculpta
1123 2388 1178 2420 vel
1203 2386 1318 2429 polita,

198 2437 267 2472 Nos
294 2438 328 2471 in
354 2439 477 2473 mundo
503 2438 598 2472 labili
910 2436 984 2470 Hoc
1012 2438 1075 2470 scit
1098 2445 1244 2469 summus
1267 2434 1401 2480 artifex,

247 2487 391 2522 Servans
416 2498 437 2521 a
462 2489 566 2522 ruina.
959 2488 1020 2529 Qui
1047 2490 1081 2519 te
1106 2485 1186 2518 fecit
1209 2487 1267 2519 ita.

1249 2541 1309 2571 16*
