1650 2671
179 213 243 247 64.
272 212 297 246 O
324 214 612 254 praestantissima

182 638 238 671 65.

180 1060 236 1093 662

180 1483 236 1516 67.

177 1907 234 1941 68.

172 2334 230 2369 69.

313 262 359 295 Et
386 271 464 295 vera
487 264 606 305 unitas,

267 311 555 353 Principalissima

313 360 367 393 Ac
392 370 519 394 summa
543 362 685 407 trinitas,

268 409 316 442 Te
340 419 415 443 mea
439 410 556 444 intima

318 458 493 493 Collaudat
516 461 656 502 puritas,

267 507 345 541 Tibi
372 518 413 543 ex
439 509 549 542 anima

314 557 465 591 Dicendo
492 559 627 601 gratias,

266 636 357 678 Ignis
385 639 467 672 dans
494 639 638 672 calidum

316 687 670 729 Appropinquantibus

268 735 315 768 Et
339 736 494 769 mundum
522 736 650 768 aridum

316 784 602 826 Existimantibus‚

267 833 332 867 Cor
356 842 463 866 meum
487 834 632 875 algidum

316 882 400 915 Prae
425 880 629 915 facinoribus

266 930 336 963 Fac
359 931 421 964 tibi
444 932 603 973 placitum

320 980 388 1014 Piis
415 980 595 1016 laboribus,

263 1059 288 1092 O
316 1060 405 1093 trina
428 1059 537 1092 unitas

313 1108 546 1141 Essentialiter

264 1157 311 1189 Et
335 1167 402 1190 una
426 1158 558 1191 trinitas

317 1206 382 1239 Sed
409 1207 639 1248 personaliter,

267 1255 304 1287 In
332 1265 397 1296 qua
421 1256 603 1297 paternitas

316 1304 555 1346 Potentialiter,

268 1352 414 1386 Verbum
441 1357 473 1385 et
500 1354 619 1387 caritas

314 1403 536 1444 Originaliter.

264 1481 376 1524 Pater,
404 1481 553 1515 illumina

311 1531 384 1564 Tua
408 1531 568 1574 potentia,

262 1579 339 1620 Fili,
366 1580 517 1613 illumina

311 1629 379 1662 Nos
406 1630 580 1673 sapientia,

262 1679 406 1712 Pneuma
431 1679 583 1713 illumina

311 1728 384 1761 Tua
410 1728 591 1774 elementia,

259 1777 334 1810 Duc
359 1778 402 1811 ad
427 1778 603 1812 intermina

309 1827 379 1860 Nos
405 1830 481 1869 post
505 1827 704 1869 praesentia.

264 1906 418 1949 Verbum,
445 1915 507 1947 quo
534 1907 686 1947 primltus

310 1954 415 1988 Facta
441 1959 518 1987 sunt
542 1956 661 1997 omnia,

262 2003 349 2037 Dum
374 2003 471 2038 flaret
496 2005 632 2046 spiritus

310 2053 450 2087 Sanctus
474 2063 535 2095 per
560 2054 677 2096 maria,

258 2103 355 2136 Assis
383 2103 540 2138 divinitus

307 2153 380 2187 Tua
406 2153 581 2188 clementia

257 2204 385 2238 Pressis
410 2205 475 2242 iam
502 2204 634 2245 penitus

305 2253 422 2287 Hostis
448 2252 583 2288 ferocia.

258 2332 348 2374 Ignis
375 2332 506 2367 vivifice

305 2382 437 2424 Igniens
464 2383 586 2426 gelida,

257 2432 334 2465 Tibi
359 2433 480 2467 unifice

305 2483 627 2525 Appropinquantia,

725 117 967 154 „31-

893 445 951 478 70.

892 865 948 898 71.

888 1286 944 1320 72.

887 1712 945 1745 73.

887 2137 944 2169 74.

977 217 1086 251 Corda
1109 214 1245 249 mitifice

1027 266 1149 299 Nostra
1174 264 1228 298 fac
1254 264 1371 306 calida,

977 315 1066 355 Quae
1091 316 1170 348 luxu
1195 313 1343 347 lubricae

1027 363 1142 398 Carnis
1169 367 1245 396 sunt
1269 361 1401 405 frigida.

978 443 1004 476 Ο
1032 440 1285 485 pulchritudinis

1023 492 1111 525 Fons
1137 494 1167 524 et
1192 492 1333 532 initium,

975 540 1197 575 Beatitudinis

1024 590 1116 622 Dans
1143 588 1348 632 beneficium,

976 639 1114 672 Praesta
1139 647 1200 679 per
1224 638 1360 679 virginis

1026 686 1168 720 Sanctae
1193 687 1383 729 suffragium

975 735 1079 769 Nobis
1106 737 1277 769 amaminis

1023 785 1083 818 Tui
1111 785 1268 817 solacium

979 864 1085 898 Causa
1109 862 1251 896 mirifica

1022 913 1188 946 Bonorum
1216 913 1357 946 omnium

972 961 1012 995 In
1039 962 1153 995 mundi
1180 960 1308 995 fabrica

1022 1011 1092 1044 Iam
1115 1012 1355 1054 exsistentium,

974 1060 1111 1093 Plebem
1137 1059 1271 1094 vivifica

1021 1109 1087 1142 Per
1113 1118 1226 1151 pacem
1254 1110 1414 1152 cordium,

974 1158 1064 1198 Quae
1088 1158 1274 1199 impacifica

1021 1208 1085 1241 Est
1109 1216 1170 1250 per
1196 1208 1392 1241 disturbium

971 1287 1049 1320 Vita
1076 1287 1291 1320 disseminans

1023 1335 1146 1369 Cuncta
1172 1336 1317 1370 viventia

971 1384 1018 1417 Et
1042 1385 1085 1418 ad
1111 1387 1145 1416 te
1170 1394 1329 1419 revocans

1023 1433 1132 1467 Corda
1158 1436 1313 1478 errantia,

970 1483 1082 1516 Meum
1107 1483 1295 1517 illuminans

1020 1532 1072 1566 Sis
1097 1537 1155 1565 tua
1179 1535 1286 1575 gratia

970 1581 1037 1614 Per
1062 1582 1165 1615 multa
1191 1581 1322 1616 fluitans

1021 1631 1123 1665 Modo
1148 1631 1284 1674 flagitia.

972 1710 998 1744 Ο
1027 1711 1125 1744 decor
1153 1712 1276 1746 caeliae

1021 1761 1319 1802 Immarcessibih's,

967 1808 1116 1851 Linguae
1141 1811 1309 1852 angelicae

1016 1859 1294 1904 Inexpressibilis,

971 1908 1065 1941 Plebi
1093 1909 1276 1943 catholicae

1018 1957 1070 1991 Sis
1097 1960 1296 1993 exaudibilis

967 2006 1106 2041 Pressae
1132 2018 1197 2041 non
1222 2009 1352 2043 modice

1016 2057 1086 2090 lam
1112 2057 1153 2091 ab
1177 2058 1372 2093 incredulis.

972 2135 997 2169 O
1024 2136 1250 2171 inscrutabilis

1015 2185 1104 2219 Fons
1130 2188 1323 2228 sapientiae,

966 2234 1073 2269 Dator
1098 2237 1248 2270 amabilis

1017 2286 1113 2319 Pacis
1140 2288 1172 2318 et
1197 2288 1333 2331 gratiae,

967 2333 1072 2368 Nobis
1100 2345 1172 2368 cum
1198 2336 1323 2378 angelis

1014 2384 1067 2418 Da
1092 2388 1214 2418 statum
1239 2386 1365 2428 gloriae

966 2435 1018 2466 Ac
1041 2438 1152 2468 terrae
1178 2435 1295 2468 incolis

1014 2483 1146 2517 Foedus
1174 2484 1379 2518 concordiae.
