1650 2671
153 189 210 223 20.
237 188 383 221 Aeterne
408 189 537 230 genitor

287 238 426 270 Aeterni
453 238 523 280 filii⁷

237 285 291 319 Da
316 286 406 327 mibi,
435 288 606 329 deprecor,

289 336 417 369 Donum
445 337 583 383 consilii,

239 387 308 425 Quo
335 384 411 418 fiam
440 387 570 427 dignior

287 436 424 467 Aeterni
450 437 600 479 praemii,

238 484 299 523 Qui
325 485 422 517 modo
451 486 619 527 deprimor

289 533 409 567 Poenis
436 535 555 569 exsilii.

156 594 211 646 2⁴1.
240 612 463 654 Intellegibile

289 662 434 694 Verbum
456 663 678 704 credemibus,

240 709 306 743 Sed
332 711 519 753 incapabile

286 759 444 793 Externis
470 761 631 803 gentibue,

236 807 343 841 Aufer
370 808 527 842 benevole

286 857 318 890 A
344 859 465 891 nostris
492 860 655 893 mentibus

236 905 325 939 Onus
350 907 515 948 culpabile

286 956 367 989 Cum
390 965 496 990 noxae
522 956 680 992 sentibus,

148 1035 207 1067 22.
235 1034 260 1068 O
289 1035 488 1069 eucharistia

282 1085 417 1117 Electos
442 1093 631 1126 procreans,

235 1133 378 1167 Caelesti
404 1133 510 1175 gratia

284 1182 429 1215 Devotos
456 1191 627 1224 renovans,

237 1231 346 1273 Qorda
370 1232 550 1265 maerentia

283 1280 334 1314 Sis
357 1282 455 1314 modo
483 1290 647 1322 recreans,

233 1330 369 1363 Interna
393 1330 514 1371 gaudia

280 1379 319 1411 In
341 1379 409 1413 illis
437 1389 606 1421 reparans.

152 1458 209 1492 23.
236 1457 322 1498 Iesu,
351 1466 409 1490 rex
435 1458 570 1501 gloriae,

283 1507 355 1540 Rex
382 1508 490 1549 magni
516 1508 667 1548 nominis,

232 1556 377 1597 Magnae
402 1556 572 1597 potentiae

281 1605 328 1639 Et
353 1603 568 1651 fortitudinis,

233 1655 300 1689 Per
325 1655 442 1688 matris
468 1656 595 1697 gratiae

285 1705 358 1737 Vim
387 1705 626 1746 deprecaminis

233 1754 352 1788 Redde
375 1763 433 1787 nos
459 1757 589 1796 patriae

280 1803 411 1837 Beatitu
416 1804 511 1837 dinis..

149 1885 204 1918 24.
234 1883 259 1916 O
287 1892 414 1916 summa
439 1884 570 1917 trinitas

282 1932 349 1965 Sed
375 1933 605 1976 personaliter,

231 1982 279 2015 At
305 1992 369 2015 una
396 1982 501 2015 deitas

282 2031 526 2073 Essentialiter,

232 2080 373 2114 Nostrae
400 2081 567 2123 angustias

280 2130 547 2165 Misericorditer

229 2179 346 2222 Aufer,
376 2180 458 2214 dans
484 2182 608 2224 gratias

278 2230 384 2264 Nobis
410 2230 573 2266 hilariter.

142 2313 201 2347 25.
229 2311 321 2353 Ignis
349 2309 467 2345 deifice

280 2361 405 2396 Cuncta
434 2370 637 2403 exsuperans

225 2411 273 2445 Et
298 2410 490 2453 potentifice

275 2461 384 2495 Iustos
409 2460 609 2505 illuminem,

703 93 945 128 „27-

862 420 921 453 26.

860 842 916 874 27.

860 1265 916 1298 28.

859 1690 915 1723 29.

863 2116 919 2151 30.

946 194 1028 227 Esto
1056 192 1189 226 mitifice

995 242 1050 275 Ad
1077 243 1194 275 bonum
1221 250 1389 282 revocans,

947 294 1033 333 Quos
1057 291 1179 333 premit
1205 290 1331 324 hostice

997 341 1081 375 Caro
1107 339 1290 374 tabificans.

949 421 975 454 Ο
1002 419 1211 452 vivacissima

998 468 1072 501 Vita
1097 469 1272 502 viventium

947 518 985 551 In
1013 520 1082 550 tota
1107 514 1261 550 machina

998 566 1114 600 Mundi
1143 566 1331 608 vigentium,

947 617 1011 650 Per
1036 616 1218 656 patrocinia

994 664 1115 697 Matris
1141 664 1345 697 credentium

946 713 1034 746 Audi
1062 714 1207 753 suspiria

992 761 1117 794 Amare
1142 760 1300 796 flentium.

944 842 1025 881 Pax,
1053 839 1233 873 amicitiam

991 889 1030 922 In
1057 889 1155 922 rebus
1182 893 1387 930 construenS,

945 939 1051 971 Vilem
1080 939 1279 972 discordiam

993 987 1045 1021 Ab
1073 988 1119 1021 eis
1146 997 1329 1029 removens,

941 1038 973 1070 A
997 1046 1051 1069 me
1074 1037 1265 1070 vecordiam

991 1086 1053 1128 Sis,
1080 1095 1208 1128 precor,
1236 1086 1381 1129 abigens,

941 1136 992 1168 Ne
1016 1136 1050 1168 in
1079 1137 1276 1169 dementiam

990 1184 1096 1218 Ruam
1121 1185 1292 1226 insipiens.

944 1265 969 1298 O
996 1263 1172 1297 ineffabilis

990 1313 1101 1346 Virtus
1129 1315 1162 1345 et
1186 1313 1304 1355 gratia,

944 1362 1169 1404 Incogitabilis

992 1411 1114 1444 Mentis
1139 1412 1304 1445 industria

943 1460 1175 1502 Intellegibilis

992 1509 1233 1552 Intellegentia,

943 1559 1202 1601 Superamabilis

992 1608 1058 1642 Sed
1083 1609 1255 1650 sapientia.

945 1689 970 1723 Ο
1000 1689 1098 1721 decor
1126 1688 1218 1721 deice

993 1738 1160 1771 Decorans
1188 1738 1305 1777 omnia,

943 1787 1020 1821 Tibi
1047 1787 1208 1820 catholice

992 1836 1316 1881 Appropinquantia,

942 1885 1050 1919 Aufer
1074 1884 1209 1919 mitifice

992 1935 1062 1969 Nos
1089 1936 1329 1978 perturbantia,

945 1985 1054 2019 Corda
1079 1985 1254 2026 seraphice

990 2034 1060 2068 Fac
1085 2038 1119 2068 te
1145 2035 1298 2070 amantia.

949 2116 974 2150 O
1001 2113 1076 2148 finis
1103 2115 1257 2156 omnium,

991 2164 1090 2198 Pater
1116 2165 1334 2209 omnipotens,

941 2215 1012 2248 Nec
1037 2224 1101 2248 non
1128 2214 1329 2256 principium

992 2265 1119 2299 Cuncta
1143 2265 1316 2306 circuiens,

942 2314 1044 2348 Omne
1071 2314 1277 2348 mendacium

989 2364 1045 2398 Sis
1072 2374 1091 2397 a
1116 2372 1169 2397 me
1191 2372 1375 2408 removens,

940 2414 1047 2449 Dictis
1074 2413 1240 2447 veracium

989 2464 1046 2498 Me
1072 2473 1204 2505 semper
1228 2463 1407 2497 instruens.
