1651 2671
437 672 458 704 1.
491 671 624 704 Gai-men
646 670 900 713 pulcherrimum
922 672 962 704 de
982 673 1079 705 beata
1101 672 1247 715 Virgine.

174 873 206 906 1.
236 873 319 911 Ave,
347 872 465 912 gaude,
493 872 577 912 vale,
606 870 742 911 plaude,

285 918 395 963 Salve,
422 919 515 960 virgo
540 919 673 960 nobilis,

239 969 335 1002 Omni
362 969 551 1001 veneranda
578 968 678 1002 laude

290 1017 544 1059 Carminumque
568 1017 686 1057 titulis,

240 1067 309 1101 Nos
335 1067 375 1100 ab
405 1067 509 1100 hostis
535 1070 606 1100 tuta
632 1065 751 1099 fraude

290 1115 489 1158 Cunctisque
513 1116 681 1157 periculis.

180 1216 213 1250 2.
241 1216 324 1254 Ave,
353 1214 445 1247 cuius
471 1215 514 1247 ad
541 1216 695 1255 parentes

287 1262 411 1297 Missus
438 1261 502 1296 fuit
525 1263 671 1306 angelus,

240 1314 326 1355 Quos
353 1312 476 1345 abiecit
501 1313 578 1345 olim
604 1310 720 1344 flentes

283 1361 511 1395 Hebraeorum
538 1361 689 1403 populus,

235 1412 313 1445 Ait:
342 1410 414 1443 sitis
441 1419 529 1443 nunc
554 1410 744 1453 gaudentes,

286 1459 333 1494 Et
357 1468 399 1492 ne
424 1458 503 1492 fleat
528 1460 650 1493 oculus

182 1560 214 1594 3.
240 1559 325 1601 Ave,
353 1558 443 1591 cuius
470 1561 576 1591 mater
602 1558 710 1598 Anna,

287 1607 392 1641 Laeta
420 1608 461 1641 de
487 1607 629 1650 oraculo,

238 1659 341 1692 Forte
368 1656 487 1690 cecinit
512 1656 671 1690 Hosanna

287 1706 429 1741 Animae
453 1705 489 1738 in
513 1705 626 1750 iubilo,

240 1756 310 1789 Nos
337 1755 473 1789 caelesti
501 1755 574 1788 ciba
598 1764 728 1793 manna,

293 1805 409 1839 Carnis
436 1805 506 1837 nati
532 1804 664 1846 pabulo.

178 1905 211 1938 4.
238 1903 321 1945 Ave,
352 1902 394 1935 de
419 1901 532 1935 radice
557 1902 649 1936 Iesse

294 1951 404 1985 Genus
430 1953 553 1985 ducens
578 1951 738 1991 inclitum,

241 2002 288 2036 Ut
314 2010 375 2042 per
401 2001 527 2041 scripta
552 2005 604 2033 est
628 2008 785 2041 expresse

293 2050 401 2085 Isaiae
425 2050 604 2092 proditum,

239 2100 401 2134 Mundum
430 2100 492 2133 duc
518 2100 561 2132 ad
585 2099 669 2132 bene
694 2108 767 2131 esse

292 2150 356 2184 Per
381 2152 521 2191 peccata
546 2148 725 2190 perditum.

169 2252 201 2284 5.
228 2250 312 2292 Ave,
341 2249 435 2290 virgo
464 2247 506 2280 de
532 2247 635 2289 regali

292 2297 460 2339 Concepta
485 2297 651 2339 genimine

243 2348 381 2381 Necnon
409 2350 440 2380 et
467 2345 650 2388 pontificali

292 2397 441 2432 Oriunda
465 2396 622 2438 germine,

244 2447 364 2481 Servos
390 2449 464 2480 tuos
492 2456 512 2479 a
536 2445 669 2480 mort-ali

292 2495 429 2537 Semper
455 2504 566 2528 serves
595 2495 740 2530 erimine.

825 781 855 817 1.

910 872 941 904 6.
968 871 1051 909 Ave,
1080 880 1176 911 quam
1203 871 1371 912 originalis

1018 920 1093 952 Non
1120 918 1267 952 foedavit
1293 919 1432 963 macula,

971 968 1056 1002 Nam
1084 971 1117 1000 te
1141 969 1247 1002 virtus
1275 968 1429 1001 divinalis

1019 1018 1074 1051 Sic
1098 1018 1218 1050 tutavit
1244 1017 1369 1060 sedula,

968 1067 1014 1100 Ut
1040 1075 1102 1100 nec
1128 1067 1243 1109 culpae
1267 1066 1406 1100 venialis

1018 1117 1067 1149 Te
1092 1118 1259 1148 moverent
1287 1115 1454 1149 scandala.

932 1241 939 1248 .
967 1215 1049 1247 Ave,
1078 1215 1180 1256 virgo.-
1208 1213 1264 1246 lux
1291 1214 1410 1247 solaris

1018 1263 1147 1296 Micans
1176 1264 1217 1296 de
1244 1263 1393 1306 caligine,

972 1312 1109 1353 Quando
1137 1321 1235 1345 carne
1260 1312 1429 1353 generaris

1019 1361 1159 1394 Davidis
1187 1370 1227 1394 ex
1253 1362 1408 1404 germine,

970 1410 1062 1443 Tuae
1087 1410 1182 1443 nobis
1208 1411 1360 1451 largiaris

1020 1459 1156 1493 Gratiae
1184 1460 1225 1492 de
1247 1459 1381 1494 lumine.

933 1584 940 1591 .
968 1557 1053 1602 Ave,
1080 1557 1205 1590 nardus
1232 1557 1373 1590 odorosa

1020 1607 1140 1641 Odoris
1167 1605 1378 1650 fragramine,

969 1656 1113 1690 Deitatis
1140 1666 1158 1689 ο
1184 1655 1328 1690 formosa

1018 1707 1105 1739 Tota
1130 1705 1387 1745 obumbramine,

971 1757 1067 1797 Unge
1095 1757 1195 1789 corda
1221 1764 1399 1788 rancorosa

1022 1805 1179 1839 Caritatis
1205 1807 1359 1846 unguine.

938 1930 945 1936 .
972 1904 1056 1939 Ave,
1087 1903 1187 1944 virgo,
1217 1911 1312 1943 quam
1338 1901 1488 1944 perfudit

1017 1953 1119 1994 Lai-gf
1153 1952 1352 1994 benedictio,

972 2003 1044 2043 Qua
1070 2002 1211 2044 deletur,
1238 2010 1335 2042 quam
1360 2002 1494 2034 induxit

1023 2051 1097 2084 Eva
1121 2050 1321 2095 maledictio,

973 2099 1080 2133 Aufer
1102 2101 1199 2142 mala,
1228 2109 1312 2141 quae
1336 2101 1402 2134 iam
1430 2100 1522 2133 cudit

1024 2150 1167 2183 Satanae
1191 2150 1334 2186 vexatio.

890 2249 947 2284 10.
973 2249 1056 2294 Ave,
1086 2258 1208 2289 sponsa
1234 2248 1415 2290 virginalis,

1024 2299 1106 2332 Post
1129 2297 1237 2331 Deum
1264 2307 1339 2339 spes
1366 2297 1475 2339 unica,

978 2347 1128 2381 Clemens
1156 2351 1188 2381 et
1210 2348 1405 2388 imperialis.

1025 2397 1127 2439 Audi,
1155 2400 1272 2441 mater,
1301 2395 1440 2439 cantica,

978 2447 1113 2481 Cunctis
1140 2449 1210 2480 tuta
1235 2455 1295 2478 nos
1322 2456 1340 2478 a
1367 2445 1462 2478 malis

1026 2498 1238 2537 impetraque
1265 2495 1399 2527 caelica.
