1650 2671
171 239 204 273 3.
231 238 295 272 Ille
318 237 407 270 color
434 237 585 277 caelicus,

280 286 340 326 Qui
366 287 400 318 in
425 287 459 317 te
484 284 695 327 splendescit,

231 336 267 368 In
296 335 410 368 eodem
437 335 608 375 permanet

280 384 374 416 Statu
400 391 460 414 nec
487 381 657 424 decrescit,

225 432 386 465 Diuturno
413 435 561 472 tempore

274 481 413 514 Minime
438 480 599 523 pallescit,

228 530 323 563 Fecit
347 532 381 561 te
405 538 463 561 rex
490 529 623 570 gloriae,

275 578 409 611 Falle1e
435 579 490 620 qui
516 577 631 611 nescit.

165 660 195 691 4.
225 658 383 690 Nesciens
409 656 628 697 putredinem,

278 706 418 739 Servans
445 706 680 747 incorruptum,

229 756 319 796 Quod
349 758 398 787 est
423 764 443 787 a
469 753 664 786 christicolis

276 804 393 837 Coram
419 806 453 835 te
475 803 659 846 deductum,

227 853 275 886 Tu
304 858 411 885 vertas
436 853 470 884 in
497 852 650 893 gaudium

275 902 437 935 Gemitum
465 904 498 933 et
520 901 653 943 luctum,

226 950 348 984 Confer
373 950 623 982 saluberrimum

272 999 320 1032 Te
344 999 479 1031 videndi
506 997 659 1031 fructum.

698 156 740 161 —
793 136 865 172 244
918 159 954 162 --

874 237 905 269 5.
934 236 1040 279 Salve,
1070 237 1168 269 decus
1193 235 1326 278 saeculi,

982 284 1155 325 Speculum
1182 288 1379 325 sanctorum,

934 333 981 365 Te
1007 334 1121 367 videre
1148 333 1281 375 eupiunt

980 381 1122 423 Spiritus
1148 386 1344 420 sanctorum,

932 429 1000 463 Nos
1026 431 1067 463 ab
1094 432 1181 463 omni
1208 432 1336 464 macula

978 479 1089 520 Purga
1114 480 1265 512 vitiorum

930 529 1039 568 Atque
1064 538 1122 561 nos
1148 529 1310 561 consortio

978 577 1080 617 Iunge
1106 577 1273 609 beatorum
1301 577 1480 609 beatorum.

928 654 1009 687 Esto
1036 655 1140 698 nobis,
1169 663 1374 697 quaesumus,

978 704 1097 737 Tutum
1125 704 1330 745 adiuvamen,

929 752 1034 785 Dulce
1059 751 1264 793 refrigerium

978 801 1086 842 Atque
1113 801 1328 844 consolamen,

928 850 974 884 Ut
1001 850 1094 883 nobis
1121 859 1184 883 non
1211 853 1326 882 noceat

976 899 1107 932 Hostile
1131 908 1306 940 gravamen

927 947 991 981 Sed
1020 946 1166 981 fruamur
1192 948 1305 989 requie

977 996 1055 1030 Cum
1083 997 1197 1031 beatis.
1250 997 1367 1030 Amen.

228 1096 292 1124 Das
313 1095 398 1129 Lied,
419 1092 670 1122 wahrscheinlich
684 1102 742 1121 nur
753 1093 943 1121 Bruchstiick
958 1094 1040 1121 eines
1055 1093 1199 1130 king-eren
1216 1093 1385 1127 Geffich‘oes,
1406 1093 1501 1122 findet

150 1135 215 1162 sich
240 1136 273 1162 in
295 1135 359 1171 „Pr
369 1135 644 1170 {reparationes
673 1133 742 1161 dev
749 1135 834 1160 otae
861 1132 899 1159 ad
920 1132 1010 1169 digne
1029 1132 1239 1161 celebrandum
1261 1141 1315 1161 seu
1336 1135 1500 1161 communi-

150 1174 275 1201 candum
307 1182 360 1210 per
379 1173 490 1201 Iulium
510 1172 666 1200 Aecoltum
692 1172 833 1209 primitus
859 1154 1020 1200 collecta&
1043 1175 1096 1199 etc.
1136 1172 1307 1209 Tegeinsee
1328 1170 1359 1200 15
1351 1170 1423 1206 ’79.,
1444 1173 1496 1201 fol.

146 1211 184 1240 49
209 1221 226 1240 a
248 1222 311 1250 sqq.
352 1213 389 1241 In
416 1212 468 1239 die:
474 1221 527 1239 ·em
549 1211 756 1240 Druckwerke
776 1209 851 1238 find
841 1219 876 1237 11
897 1211 960 1238 sich
983 1211 1059 1239 auch
1081 1211 1129 1239 die
1152 1211 1299 1260 Stiophen
1325 1210 1350 1239 1.
1371 1209 1398 1238 2.
1420 1209 1447 1240 3.
1470 1211 1497 1241 5.

148 1251 174 1278 7.
202 1250 248 1280 20.
282 1250 328 1280 21.
359 1249 396 1280 23
421 1260 482 1279 von
502 1251 554 1279 Nr.
584 1248 602 1278 2
629 1251 686 1278 mit
710 1250 915 1288 angthfingter
933 1249 991 1278 Str.
1014 1247 1031 1278 3
1054 1259 1107 1278 aus
1128 1248 1220 1279 N123
1243 1250 1294 1279 do,-
1314 1252 1365 1279 IV.
1377 1251 1497 1280 Bamles

147 1291 244 1319 dieser
264 1291 420 1319 Analecta.

574 1395 606 1425 4.
647 1394 692 1426 Ad
714 1394 843 1426 beatam
865 1393 996 1426 Uariam
1024 1394 1061 1426 V.

397 1468 426 1500 1.
455 1468 479 1501 O
501 1468 564 1501 Dei
590 1468 748 1511 genetrix,
777 1467 897 1500 accede
923 1477 1075 1509 propera,

454 1517 545 1548 Velis
572 1516 741 1549 conatibus
768 1516 870 1549 hostis
897 1518 1061 1560 resistere,

453 1565 576 1606 Quibus
602 1575 622 1597 a
647 1565 779 1598 tramite
806 1566 888 1598 caeli
916 1575 965 1597 me
990 1570 1120 1599 vertere

453 1614 609 1655 Temptat
634 1617 666 1646 et
691 1617 815 1648 tartaro
843 1624 902 1655 pro
930 1615 1034 1655 culpis
1059 1616 1203 1650 tradere.

452 1692 507 1724 Me
538 1692 602 1724 tuis
627 1692 752 1724 meritis
780 1696 812 1724 et
839 1693 1058 1725 consolamine

453 1744 479 1773 A
509 1741 632 1785 mortis,
662 1741 830 1785 deprecor,
858 1750 968 1775 serves
997 1743 1195 1787 discrimine,

455 1790 539 1822 Nam
565 1790 793 1831 multipliciter
820 1789 909 1823 fraus
935 1791 1037 1825 instat
1063 1791 1205 1825 Satanae

452 1839 509 1871 Me
533 1840 674 1881 gliscens
701 1838 779 1872 fidei
804 1840 937 1880 privare
962 1840 1093 1875 lumine.

392 1918 424 1948 ἱ).
453 1916 477 1949 Ο
505 1917 613 1957 plebis
639 1917 745 1958 gloria
770 1918 1022 1962 ecclesiasticae,

451 1965 622 1998 Precantis
647 1967 799 2007 gemitum
829 1967 1005 2000 clementer
1031 1969 1152 2011 aspice,

451 2016 596 2048 Insultus
622 2016 731 2055 patior
756 2014 883 2049 fraudis
908 2016 1091 2061 Satanicae,

451 2064 714 2096 Misericorditer
739 2074 759 2097 a
785 2074 837 2097 me
862 2075 941 2106 quos
968 2066 1070 2100 abice.

221 2160 296 2188 Dies
316 2160 402 2194 Lied,
431 2160 501 2189 odei
522 2161 666 2199 richt-iger
687 2162 752 2190 <lies
772 2163 962 2191 Bruchstiiek
984 2164 1066 2192 eines
1089 2165 1209 2201 L1edes,
1232 2167 1313 2195 steht
1331 2168 1382 2197 bei
1402 2170 1495 2199 Mone

141 2198 182 2233 II,
197 2196 252 2227 331
268 2207 322 2226 aus
338 2200 420 2227 einn
431 2199 559 2228 8111711111
559 2209 612 2238 gei
622 2201 828 2229 Handsohrift.
860 2202 1010 2230 Dasselbe
1023 2204 1064 2231 ist
1077 2204 1154 2232 all<r
1163 2205 1495 2239 XVahrscheinliehkeit

142 2238 220 2266 nach
241 2239 291 2265 ein
311 2239 473 2276 Fragment
495 2239 615 2267 Ulrichs
635 2249 696 2267 von
716 2240 757 2268 W
758 2241 934 2269 essobiunn.
