1650 2671
752 116 996 152 -45-

208 211 267 246 64.
295 212 321 246 O
349 210 486 246 fontana
514 212 646 247 claritas

341 260 462 294 Almae
487 261 658 305 trinitatis,

290 310 321 343 A
348 319 413 351 qua
437 308 511 343 fluit
536 310 665 344 bonitas

342 358 591 404 Universitatis,

292 406 363 441 Nos
388 408 520 442 abunde
547 409 677 450 repleas

342 456 532 491 Gratiarum
559 458 663 501 aquis,

292 507 378 547 Quos
404 507 540 541 indurat
564 507 696 540 siccitas

341 555 486 598 Magnae
510 557 697 598 pravitatis.

210 637 265 669 65.
291 635 361 668 Ens
390 635 613 669 desiderabile

339 684 371 717 A
397 685 459 717 tibi
487 685 625 728 devotis,

292 734 357 767 Sed
383 734 606 776 inattingibile

340 783 372 816 A
399 783 465 817 fide
492 784 636 827 remotis,

294 833 398 866 Nobis
424 832 615 867 venerabile

343 882 477 915 Nisibus
505 892 544 915 ex
570 883 649 915 totis

292 933 402 973 Atque
427 932 653 973 praedicabile

342 980 504 1014 Gentibus
530 981 660 1023 ignotis,

208 1061 265 1096 66.
293 1059 443 1093 Luminis
471 1059 623 1101 essentia,

341 1109 487 1142 Trinitas
515 1109 622 1150 beata,

295 1158 366 1198 Qua
391 1158 502 1190 lucent
527 1157 672 1191 lucentia

341 1206 395 1240 Ex
421 1207 455 1240 vi
480 1217 540 1248 per
566 1209 599 1238 te
626 1207 713 1249 data,

292 1257 324 1289 A
351 1256 446 1289 nobis
471 1256 623 1289 nocentia

342 1304 449 1338 Aufer
475 1308 508 1338 et
532 1308 679 1349 peccata,

293 1355 350 1389 Uti
378 1355 579 1388 conscientia

339 1403 415 1437 Fiat
442 1407 603 1437 serenata.

204 1484 263 1517 67.
292 1483 317 1517 O
345 1485 459 1516 sancte
484 1483 655 1526 paraclite,

340 1531 426 1565 Nam
453 1542 487 1565 es
514 1533 699 1565 consolator

291 1582 339 1615 Te
365 1582 552 1623 quaerentis
581 1582 691 1615 debite

338 1631 449 1664 Veluti
473 1634 637 1677 peccator,

288 1681 410 1714 Mentis
437 1690 529 1714 meae
555 1680 707 1721 perditae

334 1730 418 1764 Esto
444 1733 658 1772 restaurator,

286 1780 431 1821 Replens
458 1781 542 1813 hanc
569 1780 766 1813 charismate

334 1829 410 1863 Pius
434 1832 471 1862 ut
496 1833 633 1863 amator.

200 1909 258 1943 68.
286 1910 311 1943 O
338 1909 577 1943 indissolubilis

333 1962 436 1992 Amor
464 1959 597 1993 deitatis

282 2009 328 2043 Et
355 2009 590 2043 desiderabilis

332 2058 490 2093 Omnibus
518 2059 649 2103 creatis,

283 2109 381 2143 Solve
406 2119 465 2142 nos
491 2119 512 2143 a
535 2108 675 2142 vinculis

331 2159 456 2192 Mentis
484 2162 516 2192 et
541 2159 687 2200 peccatis

281 2209 463 2250 Dirigeque
487 2208 609 2250 regulis

262 2271 276 2280 ·
330 2259 423 2292 Tuae
450 2258 611 2293 veritatis.

195 2339 252 2373 69.
282 2339 308 2373 Ο
336 2337 434 2371 beata
460 2337 618 2380 Trinitas,

329 2387 430 2429 Vigor
456 2387 561 2420 omnis
589 2396 670 2431 esse,

284 2436 383 2471 Cuius
409 2437 521 2479 gliscit
546 2437 652 2478 pietas

333 2486 491 2520 Omnibus
518 2487 689 2530 prodesse,

1003 216 1071 250 Nos
1096 216 1199 249 trahit
1223 216 1406 250 mortalitas

1049 266 1103 299 Ad
1127 265 1209 298 mori
1233 274 1376 309 necesse,

1000 315 1071 348 Tua
1096 317 1174 347 tunc
1198 314 1382 357 benignitas

1047 364 1211 407 Dignetur
1235 364 1362 397 adesse.

917 442 974 476 70.
1001 442 1091 475 Deus
1119 442 1232 486 virtus,
1261 442 1411 475 omnibus

1047 491 1206 533 Largiens
1233 492 1397 534 virtutem,

1001 540 1138 573 Perdidi
1162 541 1341 574 sceleribus

1050 589 1159 621 Meam
1186 591 1395 633 iuventutem,

1001 638 1066 670 Per
1091 641 1124 670 te
1149 636 1357 672 festinantius

1048 687 1138 719 Vitia
1162 686 1313 727 refutem,

998 735 1085 768 Nam
1111 736 1270 778 attingam
1297 737 1391 768 citius

1049 785 1189 818 Tristem
1217 789 1427 821 senectutem,

915 864 970 898 71.
996 863 1085 897 Deus
1109 866 1226 904 potens
1253 863 1375 897 artifex

1047 912 1161 947 Omnis
1187 914 1405 955 monarchiae,

998 963 1059 1004 Qui
1085 962 1231 995 laudaris
1257 963 1348 996 velut
1374 972 1432 996 rex

1046 1012 1144 1046 Cultu
1169 1012 1394 1056 symphoniae,

998 1061 1046 1093 Te
1071 1063 1227 1102 precatur
1252 1064 1365 1094 noster
1390 1070 1470 1103 grex

1047 1110 1130 1143 Voto
1153 1111 1271 1143 mentis
1297 1111 1383 1153 piae,

999 1158 1050 1191 Ne
1078 1159 1250 1192 damnetur
1275 1160 1365 1193 velut
1390 1159 1467 1193 faex

1046 1209 1085 1241 In
1112 1212 1256 1242 extremo
1285 1209 1349 1242 die.

914 1287 969 1319 72.
998 1288 1023 1321 Ο
1051 1288 1320 1322 communicabile

1045 1337 1173 1370 Bonum
1197 1338 1302 1371 omnis
1327 1338 1386 1382 rei,

995 1386 1079 1419 Esse
1104 1384 1277 1427 figurabile

1045 1436 1232 1477 Largiendo
1260 1437 1300 1479 ei,

995 1485 1136 1518 Antrum
1165 1485 1377 1528 despicabile,

1045 1535 1184 1575 Quaeso,
1210 1536 1319 1568 cordis
1344 1535 1410 1568 mei

995 1583 1071 1616 Tibi
1096 1583 1278 1617 habitabile

1044 1633 1124 1675 Fac,
1151 1643 1169 1666 o
1195 1634 1299 1667 virtus
1326 1633 1399 1667 Dei.

910 1712 965 1746 73.
987 1712 1092 1746 Amor
1119 1712 1332 1755 divinissime,

1041 1763 1145 1796 Amor
1173 1763 1374 1804 devotorum,

993 1812 1041 1844 Te
1066 1813 1258 1845 laudantum
1282 1812 1398 1846 intime

1042 1861 1305 1907 Devotariorum,

991 1912 1043 1944 Tu
1070 1912 1248 1944 clementer
1273 1912 1442 1953 supprime

1043 1960 1167 1994 Poenas
1197 1960 1436 2004 defunctorum,

992 2009 1038 2042 Et
1062 2011 1186 2043 solutos
1211 2011 1364 2052 imprime

1043 2059 1158 2093 Coetui
1183 2064 1382 2095 sanctorum.

907 2137 963 2172 74.
991 2140 1065 2173 Iesu
1092 2141 1324 2182 supersapiens

1040 2189 1215 2231 Patrisque
1241 2190 1367 2234 sophia,

991 2238 1092 2279 Quem
1118 2236 1199 2271 flatu
1226 2238 1412 2280 concipiens

1040 2287 1161 2322 Genuit
1185 2289 1305 2331 Maria,

989 2339 1037 2372 Te
1061 2339 1135 2380 ipso
1161 2337 1311 2373 reficiens

1039 2388 1121 2422 Esto
1148 2397 1201 2421 me
1226 2388 1260 2422 in
1289 2388 1352 2431 via,

989 2438 1051 2479 Qui
1076 2446 1147 2471 sum
1173 2438 1238 2471 iam
1264 2436 1419 2472 deficiens

1036 2487 1160 2521 Mentis
1189 2488 1368 2528 dj'scrasia.
