1650 2671
756 128 1001 165 —93-

222 232 277 265 78.
305 231 386 271 Ave,
414 229 468 269 qui
494 226 690 270 opprobium

353 278 484 312 Iudaeis
510 277 613 320 fuisti,

303 327 499 369 Sanguinem
526 336 585 368 per
610 328 782 369 proprium

352 376 430 410 Cum
457 386 516 409 nos
541 376 721 418 redemisti,

301 425 471 469 Nobisque
495 425 675 468 propitium

349 476 398 509 Te
422 479 501 508 tunc
527 474 722 518 praebuisti,

303 524 408 558 Voces
433 525 702 559 subsannantium

349 574 485 615 Quando
513 575 730 615 contempisti.

215 654 272 687 79.
302 656 384 698 Ave,
416 654 492 688 lesu
518 653 682 694 Saraphin

353 703 493 737 Faciens
519 704 684 745 ardentes,

303 752 428 785 Sedens
454 761 553 793 super
581 751 744 785 Cherubin

351 802 485 843 Hosque
513 801 594 834 dans
621 801 770 846 scientes,

300 851 363 883 Per
391 850 533 883 divinam
560 850 716 891 dynamin

348 899 417 932 Fac
443 908 501 932 nos
527 899 703 940 sapientes,

301 948 346 982 Ut
371 957 501 989 semper
527 957 600 981 cum
626 948 796 982 Beniamin

349 997 456 1031 Simus
484 1002 516 1029 te
544 997 702 1032 videntes.

217 1077 274 1111 80.
301 1077 385 1116 Ave,
413 1076 498 1114 Iesu,
527 1077 654 1109 animae

312 1152 318 1158 .
353 1125 452 1159 Cibus
479 1125 666 1167 singularis,

301 1174 438 1216 Semper
463 1174 558 1207 nobis
584 1174 735 1207 viciimae

352 1224 440 1256 Loco
466 1223 656 1264 immolaris3

299 1273 409 1306 Motus
436 1273 537 1305 malos
565 1273 717 1314 reprime,

349 1322 471 1362 Quibus
497 1322 651 1360 irritaris,

298 1371 391 1404 Dans
416 1375 450 1403 te
477 1372 573 1412 digne
598 1380 726 1403 sumere

347 1424 415 1454 Ara
442 1420 483 1452 de
508 1420 631 1453 altaris.

212 1500 268 1532 81.
295 1498 377 1543 Ave,
407 1506 469 1540 quo
495 1502 571 1531 sunt
595 1498 752 1531 tenebrae

347 1548 467 1581 Pulsae
492 1557 512 1580 a
536 1548 687 1589 terrenis,

300 1597 378 1630 Cum
406 1599 438 1629 te
465 1597 572 1629 carnis
598 1597 747 1637 pondere

345 1645 486 1679 iunxisti
513 1646 632 1689 egenis,

296 1696 375 1728 Tuis
403 1694 456 1729 fac
482 1696 635 1728 insistere

344 1745 515 1778 Laudibus
542 1745 697 1788 amoenis,

296 1794 381 1834 Quos
408 1794 535 1827 solvisti
564 1803 695 1827 earcere

345 1844 388 1877 Et
415 1842 537 1876 inferni
563 1844 688 1885 poenis.

211 1925 268 1958 82.
296 1923 377 1966 Ave,
407 1924 492 1963 lesu,
521 1923 663 1955 caelicae

345 1972 505 2012 Princeps
532 1973 715 2013 potestatis,

298 2021 444 2054 Phalanx
472 2022 523 2053 cui
551 2022 718 2064 angelicae

346 2070 456 2105 Servii
483 2070 663 2114 dignitatis,

295 2119 484 2155 Gratiarum
510 2121 606 2154 adice

342 2172 455 2212 Aquas
481 2169 691 2204 inflammatis

292 2222 374 2263 Igne
399 2220 509 2254 carnis
535 2220 686 2253 lubricae

340 2270 392 2303 Ac
416 2269 644 2313 malignitatis.

199 2350 266 2385 -83.
293 2350 376 2395 Ave,
404 2360 422 2384 o
452 2350 634 2383 catholicae

342 2400 453 2433 Plebis
477 2400 660 2441 legislator,

293 2451 412 2491 Sicque
439 2458 472 2481 es
499 2449 670 2491 angelicae

341 2499 421 2532 Ruis
448 2502 634 2542 reparator,

1008 229 1194 264 Clementer
1220 238 1271 262 me
1297 228 1426 269 respice

1057 280 1116 313 Pie
1141 278 1324 320 miserator,

1007 329 1054 363 Ut
1078 329 1140 361 sim
1166 328 1281 362 domus
1307 326 1449 360 caelicae

1056 378 1180 419 Perpes
1206 376 1383 411 habitator.

921 456 977 490 84.
1004 458 1086 501 Ave,
1115 456 1170 497 qui
1197 466 1237 490 ex
1263 454 1386 489 femina

1055 505 1157 539 Nasci
1182 505 1316 539 voluisti

1008 555 1122 594 Carne,
1152 556 1235 587 caeli
1262 555 1403 587 culmina

1057 604 1133 638 Cum
1159 613 1222 644 qua
1248 603 1437 648 ascendisti,

1005 653 1075 686 Fac
1101 661 1160 695 per
1187 653 1394 694 cruciamina,

1057 704 1176 735 Passus
1203 711 1286 743 quae
1310 702 1413 745 fuisti,

1005 751 1075 785 Nos
1103 751 1196 784 odire
1223 751 1368 795 crimina,

1054 801 1143 841 Quae
1169 809 1299 841 semper
1325 800 1435 833 odisti.

921 881 977 913 85.
1005 880 1087 923 Ave,
1115 878 1227 911 lucens
1254 878 1384 912 saeculo

1055 927 1160 961 Stella
1185 928 1355 967 matutina,

1005 976 1096 1010 Dans
1124 978 1271 1010 credenti
1297 977 1418 1017 populo

1051 1026 1146 1059 Dona
1172 1026 1357 1068 peregrina,

1004 1076 1127 1109 Aurem
1153 1079 1208 1109 tuo
1236 1075 1357 1108 famulo

1053 1124 1203 1158 Dulciter
1226 1125 1350 1158 inclina

1006 1173 1143 1208 Salvans
1170 1184 1189 1206 a
1215 1174 1360 1215 periculo

1053 1223 1240 1264 Mentisque
1264 1224 1368 1257 ruina.

922 1303 978 1336 86.
1002 1299 1085 1344 Ave,
1114 1311 1132 1333 o
1160 1303 1361 1336 credentium

1054 1352 1210 1394 Princeps
1237 1352 1396 1394 speciose,

1004 1400 1042 1432 In
1069 1404 1159 1434 terra
1185 1401 1362 1434 viventium

1052 1450 1205 1492 Regnans
1232 1451 1384 1492 gloriose,

1001 1498 1070 1532 Fac
1094 1508 1156 1538 me.
1183 1509 1312 1540 precor,
1340 1500 1474 1541 socium,

1053 1550 1127 1581 lesu
1154 1557 1311 1590 amorose,

1004 1597 1111 1631 Choro
1138 1601 1170 1630 te
1194 1598 1396 1632 laudantium

1053 1647 1192 1689 Hymnis
1219 1648 1369 1681 iubilose.

920 1727 978 1761 87.
1005 1727 1088 1768 Ave,
1116 1727 1170 1767 qui
1197 1726 1377 1768 patibulum

1052 1776 1194 1809 Volebas
1221 1777 1332 1810 subire

1004 1826 1129 1868 Crucis,
1157 1826 1205 1858 sic
1231 1827 1412 1867 periculum

1049 1875 1171 1908 Mortis
1197 1875 1335 1916 abolire,

1001 1923 1138 1964 Quando
1164 1933 1216 1957 me
1241 1924 1426 1967 putibulum

1047 1974 1144 2006 Iubes
1171 1975 1318 2018 introire,

1000 2023 1155 2056 Animum
1182 2025 1215 2056 in
1254 2024 1406 2058 aemulum

1054 2073 1208 2115 Digneris
1235 2074 1368 2109 salvire.

918 2152 974 2185 88.
1003 2153 1085 2195 Ave,
1112 2150 1172 2185 flos
1199 2153 1356 2197 virginee,

1047 2202 1171 2235 Mirum
1199 2204 1279 2237 dans
1307 2205 1451 2245 odorem,

999 2250 1110 2285 David
1138 2253 1375 2295 consanguinee

1052 2300 1167 2335 Carnis
1193 2311 1254 2344 per
1280 2302 1442 2345 decorem,

999 2350 1049 2383 Tu
1075 2359 1201 2393 poenae
1226 2352 1424 2394 sulphureae

1047 2400 1189 2444 Depelle
1211 2400 1370 2435 foetorem

1000 2450 1046 2483 Et
1071 2451 1248 2492 rompheae
1270 2450 1440 2484 flammeae

1051 2500 1159 2533 Abice
1184 2501 1348 2534 ardorem.
