1650 2671
517 634 600 668 XIII.
634 636 832 669 Psalterium
853 635 972 677 „Tituli
993 635 1267 678 praeconiorum“.

753 738 1032 771 Prooemium.

399 827 498 859 Alma
520 826 610 859 Deus
638 826 778 869 trinitas,
807 835 891 866 quae
918 826 1048 859 saecula
1074 828 1192 858 cuncta
1217 826 1391 867 gubernas.

397 875 517 908 Annue
542 875 604 907 iam
632 874 757 915 coeptis
782 873 816 907 in
841 874 972 907 laudem
1000 874 1063 907 Dei
1088 875 1274 918 genetricis,

396 924 448 956 Ac
474 929 510 955 tu
535 932 617 964 prae
642 924 768 956 cunctis
792 922 903 957 Maria
928 924 1118 957 veneranda
1145 924 1275 965 creatis,

395 972 535 1014 Depelle
559 981 652 1005 meae
676 972 860 1006 retinacula
884 974 982 1006 tarda
1006 972 1158 1014 loquelae

395 1021 512 1064 Deque
535 1021 607 1055 nati
632 1022 791 1063 sanguine
817 1022 995 1055 exhaustae
1019 1023 1154 1062 porrige
1178 1022 1319 1066 linguae,

396 1071 444 1106 Ut
470 1079 585 1111 queam
611 1070 739 1104 habiles
766 1070 827 1103 tibi
855 1072 1048 1112 depromere
1072 1071 1197 1113 laudes,

399 1120 486 1160 Quas
510 1120 546 1152 in
571 1119 797 1162 grandiloquis
822 1121 1007 1162 scripturae
1031 1122 1166 1162 repperi
1183 1120 1291 1163 dictis,

397 1169 539 1202 Psalmis
565 1170 744 1212 praecipue
770 1178 810 1203 ac
835 1169 931 1202 libris
957 1178 1072 1203 sacrae
1095 1169 1232 1211 sophiae

397 1218 468 1251 Nec
492 1227 559 1251 non
585 1221 618 1250 et
643 1218 772 1260 paginis
800 1219 993 1252 devotorum
1018 1218 1082 1251 tibi
1108 1219 1289 1255 doctorum.

397 1267 556 1301 Adiutrix
582 1267 683 1309 igitur
709 1268 790 1300 mihi
817 1268 872 1309 sis,
901 1277 918 1300 o
944 1272 1050 1301 mater
1075 1268 1224 1313 benigna,

398 1315 534 1350 Perfida
559 1316 717 1351 mundani
744 1326 815 1350 cum
845 1316 992 1350 desinam
1018 1318 1104 1351 vada
1122 1316 1210 1361 freti,

399 1366 598 1400 Transferas
625 1367 668 1399 ad
693 1366 806 1399 niveas
833 1366 916 1399 caeli
941 1367 1012 1400 sine
1038 1366 1169 1400 turbine
1194 1367 1304 1400 caulas

472 1414 518 1448 Ut
543 1414 635 1448 fruar
661 1416 765 1457 optati
790 1414 855 1448 iam
881 1416 1022 1449 statione
1047 1417 1119 1450 soli.

712 1515 1031 1557 Quinquagena
1055 1516 1083 1551 I.

218 1594 250 1628 1.
270 1593 352 1635 Ave,
381 1593 473 1635 virgo
499 1593 707 1627 sanctissima

275 1642 459 1684 Consulque
485 1641 686 1683 fidelissima,

269 1693 396 1725 Frutex
423 1693 545 1725 virtute
572 1692 737 1734 pullulans

268 1741 454 1783 Legemque
480 1742 596 1775 crebro
622 1742 796 1777 meditans.

220 1840 352 1880 2.Ave,
384 1840 560 1873 devincens
585 1840 743 1883 impetum

275 1888 392 1923 Carnis
419 1889 585 1931 hostisque
612 1889 790 1933 fremitum,

271 1938 392 1972 Mundi
417 1948 576 1979 spernens
601 1940 721 1983 inania,

271 1987 422 2021 Honesta
448 1997 587 2029 sequens
613 1990 731 2022 omnia.

222 2091 254 2125 3,
269 2089 355 2132 Ave,
383 2089 572 2131 susceptrix
599 2090 745 2122 exsulum

271 2138 462 2181 Eorumque
487 2138 671 2179 latibulum,

275 2188 439 2222 Hostilem
468 2189 597 2223 dentem
625 2193 768 2229 contere,

276 2239 336 2279 Qui
363 2248 423 2272 nos
449 2238 559 2281 gliscit
585 2242 768 2282 percutere.

220 2339 253 2374 4.
268 2338 354 2383 Ave,
381 2347 495 2372 norma
520 2337 666 2371 iustitiae

271 2387 323 2422 Ac
349 2387 423 2421 fons
449 2387 708 2430 misericordiae,

267 2437 351 2472 Boni
378 2437 657 2479 perseverantiam

266 2486 319 2521 Da
346 2487 520 2529 cordisque
545 2487 715 2521 laetitiam.

926 1596 958 1628 5.
973 1596 1057 1635 Ave,
1089 1595 1202 1636 regina
1228 1594 1354 1636 gloriae

973 1644 1107 1677 Fulcita
1133 1645 1301 1677 ordinarie

976 1694 1110 1728 Cunctis
1139 1694 1297 1726 virtutum
1324 1694 1441 1738 titulis,

976 1743 1035 1777 Dei
1063 1744 1111 1776 sic
1137 1747 1249 1777 astans
1276 1743 1391 1777 oculis.

924 1845 957 1875 6.
974 1845 1057 1879 Ave,
1085 1845 1236 1876 matrona
1260 1842 1418 1882 flentium,

977 1893 1118 1925 Peccata
1145 1892 1368 1926 confitentium

977 1941 1200 1975 Laborantem
1223 1941 1257 1975 in
1284 1942 1406 1984 gemitu

975 1992 1046 2024 Tuo
1073 1991 1150 2024 iuva
1172 1991 1302 2025 intuitu.

931 2091 963 2124 7.
981 2091 1065 2131 Ave,
1091 2091 1126 2123 in
1151 2092 1186 2123 te
1206 2091 1411 2133 sperantium

978 2140 1086 2185 Salus,
1115 2139 1231 2183 virtus,
1259 2140 1428 2183 solacium,

977 2189 1187 2224 Laudantem
1211 2194 1247 2223 te
1272 2191 1485 2224 concentibus

977 2239 1081 2273 Salva
1104 2250 1124 2273 a
1148 2240 1433 2282 persequentibus„

932 2339 963 2373 8.
978 2339 1061 2381 Ave,
1087 2349 1106 2372 o
1131 2339 1231 2380 plena
1257 2340 1374 2381 gratia,

979 2388 1077 2423 Cuius
1102 2388 1348 2431 magnificentia

979 2439 1114 2474 Cunctis
1142 2441 1192 2471 est
1216 2437 1392 2472 ‘meffabilis

976 2488 1172 2523 Hominibus
1200 2492 1233 2521 et
1258 2488 1392 2530 angelis.
