1650 2671
729 144 969 181 -34—

190 246 271 280 146.
298 246 380 287 Ave,
407 246 560 287 princeps
587 243 705 276 celsice
996 243 1054 276 Me
1078 245 1251 284 purgatum
1277 241 1424 276 funditus

347 294 438 327 Caeli
463 293 681 333 monarchiae,
1046 293 1078 325 A
1103 291 1196 324 faece
1221 292 1372 326 vitiorum

294 343 416 376 Dulces
443 352 536 384 quem
562 341 744 375 Davidioae
998 341 1138 374 Conecte
1164 341 1319 375 divinitus

345 392 497 425 Laudant
522 390 693 431 melodiae,
1046 390 1158 424 coetui
1184 390 1355 426 iustorum.

294 441 434 474 Munera
459 439 625 481 gratificae

343 489 448 522 Huius
475 488 687 530 symphoniae

295 540 443 580 Accepta
469 537 604 571 deificae

343 587 473 620 Meritis
498 587 635 620 Mariae.

889 470 970 503 149.
997 469 1080 509 Ave,
1106 468 1192 510 Iesu,
1221 469 1326 510 gloria

1048 517 1180 550 Summa
1206 518 1407 557 devotorum,

997 566 1058 607 Qui
1083 569 1118 598 te
1142 575 1212 598 cum
1241 567 1380 599 ecclesia

1047 614 1201 647 Laudant
1227 615 1414 656 electorum,

188 667 269 700 147.
296 666 378 704 Ave.
405 667 458 708 qui
486 665 544 698 sub
570 665 680 706 specie
998 664 1088 696 Audi
1115 672 1185 695 cum
1212 664 1383 697 clementia

347 714 443 748 Panis
468 715 502 747 in
528 714 623 748 altari
1049 713 1187 746 Carmen
1213 712 1275 745 hoc
1302 712 1466 754 decorum,

298 763 441 796 Sumeris
469 763 589 796 cotidie
996 762 1149 802 Prompsi
1176 762 1261 802 quod
1284 770 1322 794 ex
1350 762 1456 804 gratia

346 813 447 846 Modo
473 812 641 855 singulari,
1052 810 1217 843 Donorum
1241 814 1382 846 tuorum.

297 861 402 895 Domo
429 861 656 901 conscientiae,
919 893 931 907 Γ
1334 889 1341 895 .

347 909 402 943 Sic
426 919 477 942 me
503 909 556 943 fac
581 909 702 953 aptari)
892 889 973 922 100.
1000 888 1082 926 Ave,
1110 897 1202 929 quem
1231 897 1383 929 orgamce

299 959 346 993 Ut
372 960 412 992 de
438 963 471 991 te
496 959 627 991 assidue
1050 936 1243 992 Sanctorum
1270 945 1406 970 examen

999 986 1140 1019 Extolht
1166 984 1304 1018 mirifice

346 1008 466 1047 Queam
493 1007 617 1041 satiari.
1144 1034 1151 1041 .

1048 1035 1170 1067 Laudis
1197 1043 1257 1075 per
1283 1034 1429 1074 eramen,

189 1085 268 1119 148.
296 1086 378 1127 Ave,
406 1094 500 1127 quem
527 1085 688 1117 exercitus
998 1083 1120 1115 Fantes
1146 1084 1241 1115 huius
1266 1085 1404 1117 melicae

344 1133 474 1167 Laudat
499 1134 697 1175 angelorum,
1051 1132 1141 1165 Odae
1166 1132 1341 1166 iubilamen

296 1182 518 1215 Proeellarum
545 1182 680 1223 spiritus
1001 1181 1152 1213 Uontioni
1178 1181 1271 1213 adice

343 1231 495 1273 Caelique
523 1231 695 1274 caelorum,
1050 1229 1233 1262 sseatorum.
1285 1230 1402 1265 Amen.

251 1308 321 1336 Cod.
349 1308 379 1336 S.
405 1310 488 1337 Petri
516 1309 722 1345 Salisburgen.
750 1307 835 1335 bVII
862 1306 907 1336 10.
936 1309 1012 1346 anni>
1035 1305 1119 1335 1470.
1147 1307 1197 1335 fol.
1220 1305 1256 1335 69
1268 1315 1294 1335 a.
1317 1308 1351 1336 A.
1374 1323 1409 1327 ——
1439 1308 1525 1337 Orat.

171 1357 226 1376 ms.
246 1349 430 1384 Tegurinum
456 1349 529 1376 anni
551 1345 635 1375 1467.
677 1347 750 1375 Clm.
771 1347 931 1375 Monaeen.
954 1344 988 1374 19
1000 1344 1069 1374 991.
1092 1347 1140 1374 fol.
1162 1344 1228 1374 89a
1248 1346 1282 1374 Β.
1304 1361 1343 1366 —
1364 1348 1446 1376 Orat.
1467 1357 1522 1376 ms.

170 1388 354 1425 Tegurinum
383 1396 460 1416 saec.
483 1385 528 1415 15.
571 1386 645 1415 Clm.
670 1386 828 1414 Monacen.
852 1385 886 1414 19
896 1383 961 1414 353.
989 1385 1041 1413 fol.
1068 1383 1140 1413 47a.
1163 1384 1194 1412 Ο.
1222 1400 1261 1404 -
1286 1386 1368 1414 Orat.
1390 1395 1444 1414 ms.
1466 1388 1524 1415 Te-

172 1428 312 1464 gurinum
337 1428 409 1454 anni
436 1424 520 1454 1470.
562 1425 636 1454 Clm.
657 1425 814 1453 Monacen.
840 1423 952 1453 20021.
978 1422 1029 1452 fol.
1058 1422 1132 1452 57a.
1160 1424 1197 1451 D.
1225 1439 1263 1443 —
1293 1425 1369 1454 Orat
1388 1434 1444 1454 ms.
1465 1426 1523 1454 Te-

172 1467 311 1503 gurinum
332 1472 409 1494 saec.
432 1463 477 1493 15.
519 1464 592 1493 Clm.
616 1465 774 1493 Monacen.
796 1461 906 1492 2012ss¹
932 1464 983 1491 fol.
1007 1463 1059 1491 1a.
1080 1463 1117 1491 E.

248 1505 300 1532 AB
327 1503 426 1532 haben
452 1504 500 1532 die
525 1503 731 1539 Bemerkung:
766 1502 869 1531 Oratio
899 1501 1091 1540 prooemialis
1118 1504 1151 1531 in
1172 1502 1351 1539 opusculum
1373 1512 1520 1541 sequens3

173 1544 228 1571 ode
253 1544 427 1571 monocolos
454 1543 687 1580 tetrastrophos,
716 1544 843 1569 metrum
871 1542 1102 1579 asclepiadeum.
1152 1542 1303 1570 Convenit
1330 1551 1398 1571 cum
1426 1545 1521 1571 metro

171 1582 349 1619 hymnorum
380 1584 508 1611 Sacris
539 1582 756 1611 solemniis,
788 1580 1009 1609 Sanctorum
1040 1582 1207 1615 meritis,
1239 1582 1395 1610 Festum
1426 1591 1524 1610 nunc

173 1622 334 1654 celebre,
362 1620 480 1658 dempto
508 1625 602 1649 metro
629 1622 662 1648 in
683 1622 789 1658 quarto
810 1620 877 1649 loco
903 1621 1011 1657 posito,
1034 1620 1115 1657 quod
1134 1620 1185 1648 hic
1207 1622 1301 1649 etiam
1322 1625 1353 1650 et
1373 1622 1520 1658 asclepia-

173 1661 269 1695 deum,
291 1660 343 1688 sed
363 1661 396 1688 in
416 1661 535 1697 hymnis
556 1661 731 1697 praemissis
753 1661 799 1687 est
818 1659 1017 1696 glyconicum,
1038 1662 1074 1687 ut
1092 1660 1218 1697 patebit.

250 1699 277 1734 7,
299 1698 318 1726 7
344 1701 395 1735 qui
420 1699 495 1728 fehlt
520 1700 554 1727 A.
575 1715 614 1719 -
634 1697 680 1733 27,
702 1696 721 1726 5
748 1699 874 1735 erganze
899 1699 954 1727 scl.
982 1707 1041 1727 cor.
1064 1714 1101 1718 —
1122 1697 1170 1733 28,
1192 1697 1210 1727 5
1242 1700 1291 1727 Da
1321 1700 1397 1728 mihi
1425 1700 1462 1728 A.
1484 1716 1524 1720 —

172 1737 218 1774 32,
240 1737 257 1767 5
283 1739 335 1766 Me
360 1740 562 1767 conscientiae
583 1739 617 1767 A.
639 1754 676 1758 —
697 1735 743 1772 35,
767 1736 784 1765 6
805 1738 987 1766 feculentum
1009 1739 1069 1766 AB.
1093 1755 1129 1759 -—
1150 1736 1198 1773 41,
1220 1737 1237 1767 5
1259 1739 1374 1768 Gratia
1393 1740 1523 1768 imbrica

171 1779 206 1807 A.
228 1793 265 1798 —
287 1776 332 1812 54,
356 1776 373 1805 5
401 1780 576 1807 coniunctus
604 1779 639 1806 A.
658 1792 698 1797 —-
719 1774 766 1812 63,
787 1775 804 1805 6
830 1786 873 1815 sq.
899 1777 1000 1806 fehlen
1024 1779 1060 1806 A.
1081 1794 1119 1798 —
1141 1776 1187 1813 64,
1211 1776 1226 1806 1
1255 1778 1298 1806 Zu
1319 1780 1523 1807 cathaxeseon

172 1817 239 1853 (lies
260 1816 480 1852 cathecheseonss
509 1817 564 1846 hat
583 1818 607 1846 B
629 1817 678 1845 die
698 1816 819 1845 Glosse:
841 1817 1055 1845 doctrinarum.
1076 1832 1116 1837 —
1138 1815 1184 1853 64,
1200 1815 1218 1846 3
1238 1818 1288 1846 bei
1309 1819 1447 1847 tothieon
1466 1818 1521 1846 hat

172 1857 197 1885 A
219 1857 268 1885 die
288 1856 406 1885 Glosse:
436 1857 594 1885 moralium
614 1855 680 1892 (lies
705 1856 768 1884 also
792 1852 955 1892 ἠθικῶνῖ).
976 1872 1017 1876 -—
1036 1855 1085 1890 64,
1106 1855 1131 1885 5·
1146 1858 1274 1886 Krision
1293 1857 1371 1887 ABG
1391 1860 1449 1886 mit
1469 1858 1521 1886 der

172 1896 456 1934 Randbemerkung:
486 1896 693 1925 absconditum
718 1896 802 1929 (liesz
833 1892 980 1935 κρύψον)
1017 1912 1055 1916 ——
1080 1894 1126 1930 64,
1148 1894 1165 1924 6
1195 1896 1335 1926 Laudum
1361 1898 1521 1926 literarum

172 1936 207 1963 A.
230 1951 267 1955 —
287 1933 314 1969 8,
336 1933 354 1962 2
378 1937 476 1964 Decus
500 1936 536 1963 A.
559 1951 596 1956 —
617 1933 663 1971 82,
686 1932 704 1963 3
727 1935 836 1963 similis
857 1937 945 1964 nobis
965 1936 1001 1964 A.
1023 1951 1061 1955 —
1083 1933 1130 1971 82,
1153 1934 1170 1964 5
1189 1937 1239 1965 Da
1259 1936 1297 1964 de
1311 1938 1345 1966 A.
1361 1953 1400 1957 —
1416 1936 1481 1972 101,
1504 1935 1522 1965 5

175 1983 262 2012 quem
282 1974 357 2003 fehlt
377 1977 411 2004 A.
432 1991 468 1995 —
492 1973 556 2009 101,
573 1973 590 2003 6
610 1975 673 2003 und
693 1973 710 2002 7
730 1975 831 2003 fehlen
851 1976 886 2003 A.
909 1990 946 1994 —-
970 1973 1035 2010 111,
1055 1974 1070 2004 1
1093 1976 1148 2004 Bei
1169 1976 1250 2012 dyan
1271 1976 1410 2005 bemerkt
1428 1978 1456 2005 D
1474 1985 1522 2005 am

173 2014 289 2043 Raude:
316 2014 437 2043 claritas
465 2015 578 2043 Graece
605 2017 659 2042 est.
680 2029 719 2033 —
741 2012 806 2048 114,
828 2011 846 2042 3
875 2016 930 2043 Bei
950 2015 1089 2052 dapatice
1110 2024 1158 2043 am
1179 2016 1302 2044 Raude:
1334 2017 1525 2045 abundanter

173 2054 208 2082 A.
228 2071 234 2072 ν
290 2051 352 2087 117,
369 2052 388 2082 4
409 2055 462 2082 Bei
480 2054 555 2082 laris
576 2062 622 2082 am
645 2054 763 2082 Raude:
785 2054 890 2083 domus
912 2055 1059 2083 ecclesiae
1080 2054 1115 2082 A.
1136 2070 1176 2074 —
1207 2053 1271 2090 121,
1288 2053 1306 2079 z),
1329 2056 1524 2084 christianiae

174 2094 209 2121 A.
231 2107 269 2111 —
292 2089 356 2120 133.
378 2090 396 2120 3
417 2094 490 2121 Mox
507 2093 613 2121 laudat
631 2094 667 2121 A.
689 2110 727 2114 —
750 2090 815 2128 138,
838 2092 854 2122 1
874 2094 928 2122 lux
947 2094 1023 2123 fehlt
1042 2094 1078 2122 A.
1102 2110 1140 2114 —
1162 2092 1228 2129 141,
1243 2093 1260 2123 5
1284 2095 1408 2124 Solutus
1429 2096 1465 2123 A.
