1650 2671
762 141 809 147 —
860 123 928 159 207
982 142 1026 147 —

210 220 312 255 .114.
340 220 422 265 Ave,
452 229 535 263 quae
562 222 751 263 dignissima

385 270 431 303 Es
458 272 682 304 creaturarum

340 318 493 360 Unquam
520 329 539 352 a
565 321 711 361 potentia

387 368 451 401 Dei
477 373 672 414 creatarum,

335 416 487 459 Dolores,
511 419 670 460 piissima,

386 467 499 501 Tollas
525 469 707 501 animarum

340 515 402 549 Pro
428 517 574 558 peccatis
600 518 742 551 maxima

384 565 496 599 Poena
522 567 738 600 detentarum.

229 645 309 677 115.
337 644 421 687 Ave,
449 646 543 687 virga
567 644 701 679 flosculo

388 694 521 728 Pollens
549 695 696 736 divinali,

339 743 399 782 Qui
425 744 579 776 mundum
608 753 626 775 a
653 743 781 776 vinculo

388 791 495 825 Solvit
520 792 692 833 criminali,

339 840 386 873 Te
409 840 597 874 laudantem
624 840 738 873 sedulo

385 889 501 922 Laude
525 888 661 930 speciali

337 937 438 971 Tutes
465 948 485 971 a
511 937 651 977 diabolo,

386 986 476 1028 Rege
500 987 683 1028 gehennali.

231 1065 314 1099 116.
341 1067 423 1107 Ave,
451 1065 557 1109 stella,
585 1065 714 1099 radium

387 1114 508 1147 Mirum
535 1123 618 1156 quae
643 1114 770 1155 misisti,

340 1165 420 1198 Cum
443 1163 581 1197 salutem
608 1164 752 1204 gentium

390 1212 495 1246 Carne
519 1212 670 1254 genuisti,

337 1262 375 1295 In
404 1262 501 1295 caelis
528 1262 708 1303 tripudium

388 1311 525 1352 Angelis
551 1311 681 1351 auxisti,

337 1360 481 1394 Satanae
508 1361 668 1394 excidium

384 1409 429 1442 Et
453 1409 599 1443 solamen
624 1410 723 1444 tristi.

227 1488 307 1522 117.
334 1489 418 1528 Ave,
447 1488 531 1529 lapis
558 1488 699 1521 caelicae

386 1536 566 1578 Novaeque
591 1542 791 1581 scructurae‚

337 1588 440 1628 Quam
466 1587 603 1620 laudant
629 1588 796 1628 angelicae

384 1636 521 1677 Semper
548 1639 726 1678 creaturae,

333 1686 393 1719 Pia
420 1690 535 1727 mater,
564 1685 657 1718 abice

378 1734 488 1767 Meam
515 1735 633 1767 molem
660 1744 766 1779 curae,

336 1784 407 1824 Qua
434 1793 566 1824 premor
591 1784 632 1817 ab
659 1784 806 1817 hosticae

380 1833 475 1865 Metu
497 1833 708 1874 imposturae.

228 1912 308 1946 118.
335 1913 419 1953 Ave,
444 1913 501 1945 via
525 1911 632 1944 lactea

384 1960 533 2002 Viaeque
556 1960 701 2005 lucerna,

329 2010 466 2044 Ducens
492 2010 535 2043 ad
561 2009 717 2043 aetherea

385 2060 499 2102 Regna
525 2060 578 2093 vel
604 2061 749 2102 aeterna,

330 2110 452 2151 Meam,
481 2119 499 2143 o
527 2109 674 2151 virginea

381 2159 502 2203 Mater,
528 2159 577 2191 sic
601 2158 748 2201 guberna

334 2209 454 2251 Vitam,
482 2217 524 2242 ne
551 2217 688 2242 erronea

378 2259 436 2292 Me
457 2259 555 2292 ducat
580 2259 623 2292 ad
649 2257 789 2292 inferna.

221 2339 301 2375 119.
337 2341 419 2384 Ave,
446 2347 530 2381 quae
556 2338 767 2381 sequentibus

377 2389 425 2422 Te
450 2390 601 2430 praestas
631 2388 782 2421 ducatum

332 2442 383 2473 Ac
408 2438 523 2472 mundi
549 2438 782 2480 spernentibus

381 2488 489 2521 Huius
515 2488 704 2529 incolatum,

935 448 1016 482 120.

934 866 1015 899 121.

931 1290 1012 1323 122.

933 1715 1014 1749 123.

932 2141 1013 2174 124.

1044 223 1122 257 Post
1145 225 1294 264 mortem,
1324 221 1471 254 devotius

1089 272 1191 316 Rogo,
1220 279 1326 304 meum
1352 268 1464 303 flatum

1042 322 1210 355 Perducas
1236 320 1373 352 celerius

1090 370 1146 404 Ad
1173 369 1301 403 felicem
1328 371 1460 403 statum.

1042 450 1126 489 Ave,
1154 458 1172 481 0
1198 449 1254 481 lux
1280 447 1367 480 radii

1097 497 1186 531 Caeli
1213 497 1365 529 emissiva

1044 546 1091 579 Et
1116 546 1184 578 eius
1212 544 1369 578 contrarii

1093 595 1203 629 Omnis
1231 594 1411 634 expulsiva,

1043 643 1143 676 Servi
1169 644 1215 675 tui
1244 643 1331 675 devii

1092 691 1174 725 Esto
1202 692 1371 729 directim,

1044 740 1185 773 Servans
1211 749 1263 773 me
1289 750 1309 773 a
1335 739 1405 772 vitii

1091 789 1229 830 Semper
1254 789 1413 821 recidiva.

1041 867 1123 911 Ave,
1152 867 1365 910 sagacissima

1094 914 1226 948 Domini
1253 916 1385 957 ancilla,

1045 965 1344 998 oboedientissima

1092 1014 1229 1055 Semper
1254 1017 1287 1046 et
1312 1014 1501 1057 tranquilla,

1043 1063 1144 1104 Mala,
1173 1071 1256 1105 quae
1280 1064 1313 1095 in
1341 1063 1450 1096 anima

1091 1112 1169 1145 Mea
1195 1116 1279 1156 sunt,
1308 1112 1435 1156 sugilla,

1042 1160 1167 1203 Iugiter
1194 1166 1227 1194 ut
1254 1162 1379 1204 optima

1089 1209 1167 1243 Fiat
1190 1221 1254 1252 pax
1281 1211 1314 1244 in
1342 1211 1410 1244 illa.

1039 1289 1121 1335 Ave,
1148 1300 1246 1331 quam
1271 1289 1413 1324 felicitas

1091 1341 1253 1373 Perornat
1278 1344 1420 1380 aeterna,

1042 1389 1113 1422 Tua
1139 1398 1232 1429 quam
1261 1389 1425 1423 humilitas

1090 1437 1212 1471 Meruit
1239 1438 1378 1482 interna,

1040 1487 1205 1521 Perducat
1231 1488 1413 1530 benignitas

1089 1537 1160 1570 Tua
1184 1546 1243 1569 nos
1269 1538 1312 1570 ad
1339 1546 1440 1571 verua

1041 1586 1141 1625 Caeli,
1170 1586 1225 1618 ubi
1252 1587 1381 1620 trinitas

1089 1636 1217 1677 Regnat
1241 1637 1452 1678 sempiterna.

1045 1716 1126 1755 Ave,
1155 1716 1327 1749 celleraria

1089 1765 1229 1798 Sanctae
1254 1766 1404 1799 trinitatis

1042 1813 1178 1846 Gratiae
1205 1815 1342 1848 donaria

1090 1864 1255 1897 Praebens
1281 1867 1498 1907 praeparatis,

1042 1913 1195 1945 Praestes
1221 1913 1387 1947 adiutoria

1090 1962 1181 1995 Tuae
1206 1963 1340 2004 pietatis

1039 2011 1111 2055 His,
1140 2020 1220 2052 quos
1246 2014 1438 2054 purgatoria

1091 2060 1241 2095 Gravant
1266 2071 1325 2103 pro
1351 2065 1507 2104 peccatis,

1041 2143 1122 2182 Ave,
1150 2150 1242 2174 mons
1270 2151 1288 2174 o
1316 2142 1459 2177 caelicae

1089 2190 1345 2236 Benedictionis‚

1041 2238 1119 2272 Sate
1144 2239 1185 2272 ab
1212 2239 1332 2282 opifice

1089 2288 1219 2323 Summo
1247 2292 1372 2324 cunctis
1399 2291 1506 2336 bonis,

1040 2338 1169 2372 Mentes
1195 2343 1325 2373 nostras
1350 2340 1474 2383 perfice

1090 2390 1168 2423 Cum
1197 2391 1352 2423 virtutum
1381 2391 1485 2435 donis,

1040 2438 1166 2471 Lumen
1194 2440 1275 2473 dans
1304 2440 1440 2474 deificae

1091 2488 1396 2532 Contemplationis.
