1650 2671
746 142 790 148 —-
846 124 913 161 107
967 145 1013 150 —

198 219 255 253 67.
269 218 354 259 Ave,
378 219 432 260 qui
451 222 528 261 post
547 222 662 255 mortis
682 223 846 264 supplicia

270 266 428 301 Eduxisti
454 269 583 302 vinctos
611 271 653 304 de
679 281 823 312 carcere,

270 315 335 349 Sed
352 326 439 350 nunc
451 327 593 359 regnans
604 320 638 352 in
649 320 730 354 caeli
741 321 846 362 gloria

268 367 340 399 Tuo
376 374 471 400 sacro
497 376 557 400 nos
583 369 676 411 reple
701 379 846 405 munere.

202 454 258 488 68.
273 454 358 495 Ave,
386 455 476 487 cuius
502 464 619 490 cruore
644 466 739 490 roseo

273 503 464 543 Expiantur
482 505 597 538 mundi
623 505 780 550 facinora,

269 552 337 591 Me,
345 552 507 593 quilatam
517 553 845 598 viamnunetranseo,

270 601 341 635 Fac
366 610 428 642 per
453 605 526 636 arta
549 603 599 636 ire
624 604 758 638 itinera.

200 690 258 723 69.
271 690 354 729 Ave,
385 690 476 723 cuius
502 691 621 724 mortis
647 692 832 725 antidotum

277 738 490 772 Restauravit
506 739 641 773 thronos
661 740 843 783 aethereos,

272 787 424 820 Paradisi
449 789 544 821 mitte
569 788 794 829 praepositum

264 836 321 870 Ad
334 836 526 878 pellendum
541 837 652 870 hostes
666 839 841 871 tartareos.

197 923 253 957 70.
268 924 352 963 Ave,
382 923 473 956 cuius
499 923 558 957 sub
585 924 738 957 tirocinio

269 972 459 1015 Reparatur
483 981 575 1006 mens
593 973 670 1006 olim
690 972 840 1016 profuga,

270 1022 381 1054 Vitam
406 1031 512 1055 meam
540 1031 732 1063 oppressam
751 1023 841 1056 senio

268 1070 352 1112 Legi
370 1073 446 1104 tuae
463 1080 551 1105 nunc
563 1072 679 1104 saltem
692 1071 840 1113 subiuga.

199 1159 255 1193 71.
270 1160 355 1203 Ave,
384 1159 439 1200 qui
461 1169 496 1192 es
524 1159 613 1192 cultu
637 1158 769 1203 regifico

269 1209 439 1242 Adoratus
466 1218 486 1242 a
511 1208 617 1241 tribus
640 1209 784 1253 regibus,

270 1258 340 1291 Nos
367 1257 408 1290 ab
434 1257 530 1292 hoste
555 1258 646 1291 salva
673 1257 817 1292 terrifico

272 1307 376 1349 Opem
402 1305 514 1340 ferens
543 1310 578 1340 te
604 1308 829 1342 adorantibus.

199 1396 354 1438 72.Ave‚
382 1395 466 1441 Iesu,
497 1395 588 1429 cuius
615 1396 778 1429 creamine

269 1446 433 1479 Constant
450 1444 543 1489 caeli,
561 1447 671 1478 terrae
684 1449 717 1478 et
725 1446 841 1489 maria,

268 1491 467 1535 Insignitum
494 1497 552 1527 tua
574 1495 717 1537 imagine

267 1544 298 1576 A
325 1541 458 1577 fortuna
481 1553 577 1577 serva
604 1544 779 1579 contraria.

197 1633 253 1666 73.
267 1632 351 1671 Ave,
380 1630 454 1665 finis
481 1635 580 1673 atque
605 1632 804 1674 principium

270 1681 393 1715 Carens
420 1680 485 1714 fine
511 1685 609 1722 atque
633 1682 739 1722 initio,

268 1730 362 1765 Caeli
386 1730 483 1764 nobis
511 1730 554 1765 da
578 1730 790 1773 municipium

266 1780 320 1813 Ab
347 1778 469 1813 inferni
496 1789 694 1813 conservans
718 1781 839 1815 crucio.

201 1868 257 1902 74.
273 1870 356 1912 Ave,
383 1868 470 1911 lesu,
498 1878 561 1911 quo
587 1870 676 1903 latex
700 1879 823 1911 aqueus

272 1918 337 1952 Est,
351 1918 387 1950 in
404 1918 473 1951 vini
489 1928 605 1951 versus
623 1919 843 1962 dulcedinem,

274 1967 479 2001 Sacramenti
505 1967 554 2000 tui
580 1971 752 2001 nectareus

274 2017 375 2050 Potus
388 2017 509 2050 mentis
523 2016 612 2050 lavet
621 2017 842 2058 putredinem.

199 2101 350 2145 75.Ave‚
381 2100 472 2133 cuius
499 2103 615 2133 tonant
639 2103 817 2143 praeconia

273 2149 393 2184 Mundi
411 2153 524 2191 partes
535 2159 598 2191 per
611 2149 843 2196 quadrifarias,

271 2200 304 2233 A
332 2199 460 2232 colente
485 2200 591 2233 erucis
617 2200 759 2242 insignia

271 2249 413 2284 cunctas
439 2249 544 2283 hostis
572 2249 702 2291 depelle
728 2248 843 2285 furias.

202 2336 260 2370 76.
275 2335 360 2377 Ave,
388 2334 473 2379 Iesu,
502 2334 556 2377 qui
581 2334 792 2377 plurifariam

271 2385 329 2418 Ad
356 2387 389 2417 te
414 2385 519 2418 trahis
542 2383 689 2419 beandas
706 2385 844 2427 animas,

269 2433 394 2467 Mentis
420 2443 513 2468 meae
539 2434 665 2468 abrade
690 2434 843 2478 scoriam,

272 2483 362 2525 Quae
389 2486 439 2517 est
463 2484 620 2519 indurata
642 2488 679 2518 ut
696 2484 843 2520 adamas.

813 2596 828 2606 ο

911 224 966 258 77.
982 225 1063 269 Ave,
1092 226 1198 266 petra,
1227 233 1266 256 ex
1294 223 1382 255 cuius
1408 224 1513 256 latere

982 274 1072 307 Fons
1086 272 1214 306 effluxit
1223 281 1327 314 aquae
1335 274 1368 304 et
1376 271 1554 314 sanguinis,

981 322 1102 364 Legem
1126 324 1214 354 tuam
1233 320 1286 355 fae
1304 330 1363 353 nos
1382 321 1554 362 exquirere

977 371 1045 404 Per
1063 372 1244 404 lustramen
1259 370 1384 404 aeterni
1393 369 1553 404 flaminis.

911 455 969 487 78.
985 456 1068 497 Ave,
1095 455 1181 497 Iesu,
1208 455 1263 496 qui
1284 454 1381 488 Adae
1409 454 1552 487 debitum

986 504 1058 536 Tua
1083 505 1190 536 morte
1215 503 1342 537 solvisti
1364 503 1490 544 inclita,

980 552 1198 586 Peccatorum
1222 561 1275 584 me
1291 550 1383 585 fasce
1400 552 1553 585 obrutum

980 601 1108 634 Pietate
1132 601 1207 634 leva
1231 601 1386 642 ingenita.

908 684 927 714 7
933 685 965 718 9.
979 684 1063 725 Ave,
1080 683 1169 716 cuius
1182 693 1243 725 per
1252 687 1388 717 mortem
1401 692 1551 717 carneam

977 733 1009 765 A
1033 732 1178 773 peccatis
1196 733 1336 765 mundus
1355 733 1548 773 absolvitur,

981 781 1085 814 Serva
1097 789 1159 822 per
1170 783 1204 813 te
1217 782 1400 822 plantatam
1410 782 1551 825 vineam,

979 830 1080 870 Quam
1107 828 1231 862 inferni
1255 829 1328 863 fera
1351 830 1551 871 depascitur.

903 914 961 947 80.
977 913 1060 955 Ave,
1092 913 1194 953 cuius,
1222 923 1283 955 per
1306 913 1413 946 carnis
1431 914 1551 946 alimen

977 962 1229 1006 Impinguantur
1241 963 1401 995 iustorum
1411 963 1548 1001 animae,

979 1012 1081 1045 Omne
1106 1021 1225 1052 meum,
1254 1020 1364 1052 exoro,
1392 1012 1541 1052 genimen

976 1061 1007 1093 A
1034 1061 1206 1094 tormentis
1233 1061 1375 1094 aeternis
1402 1061 1539 1094 redime.

904 1143 1061 1189 8LAve,
1091 1144 1181 1177 cuius
1207 1153 1335 1187 poenae
1361 1144 1525 1178 acerbitas

981 1193 1189 1227 Reformavit
1215 1195 1363 1236 polorum
1390 1194 1524 1235 limites,

980 1243 1121 1276 Sanctae
1147 1243 1230 1276 lucis
1256 1247 1333 1277 tuae
1359 1243 1511 1276 vicinitas

978 1292 1204 1325 Tenebrarum
1231 1292 1321 1334 fugat
1344 1293 1515 1327 satellites.

905 1377 962 1411 82.
977 1377 1060 1417 Ave,
1090 1376 1140 1409 cui
1168 1376 1416 1418 aequiparabile

976 1426 1016 1458 In
1044 1425 1163 1458 creatis
1190 1425 1287 1458 rebus
1316 1435 1379 1458 non
1405 1434 1549 1468 repperi,

978 1473 1104 1507 Nomen
1131 1477 1222 1507 tuum
1249 1484 1309 1516 per
1333 1474 1501 1508 ineffabile

978 1523 1009 1556 A
1035 1523 1196 1556 fermento
1224 1534 1282 1557 nos
1305 1533 1413 1566 purga
1433 1524 1549 1559 veteri.

907 1601 965 1638 83.
981 1604 1064 1646 Ave,
1094 1603 1148 1645 qui
1174 1603 1207 1635 in
1236 1604 1303 1636 vita
1329 1607 1489 1646 perpetui,

976 1653 1203 1686 Laetabundis
1230 1653 1377 1687 laudaris
1402 1653 1548 1692 vocibut,

976 1701 1059 1735 Caro
1086 1710 1160 1735 mea
1185 1702 1265 1735 luxu
1292 1701 1485 1735 circumflua

977 1751 1158 1784 Torreatur
1186 1752 1307 1784 amoris
1336 1750 1474 1785 facibus,

906 1831 963 1865 84.
977 1832 1060 1875 Ave,
1089 1831 1186 1863 modo
1211 1830 1446 1864 inaestimabili

977 1880 1031 1913 Ex
1056 1881 1181 1913 intacta
1208 1881 1263 1921 qui
1288 1883 1384 1913 natus
1412 1881 1547 1925 virgine,

977 1929 1075 1971 Mihi,
1104 1938 1236 1972 quaeso,
1263 1938 1419 1962 succurre
1436 1928 1551 1974 flebili,

980 1979 1041 2020 Qui
1055 1977 1221 2020 astringor
1233 1978 1352 2012 mentis
1366 1980 1551 2021 gravedini.

910 2057 966 2092 85.
982 2059 1065 2101 Ave,
1093 2067 1111 2091 o
1139 2057 1346 2091 laborantum
1373 2065 1503 2101 requies

981 2108 1107 2141 Sedens
1127 2107 1240 2140 sedem
1258 2117 1357 2150 super
1371 2110 1551 2153 aetherem,

982 2156 1107 2190 Curvos
1135 2166 1212 2199 rege
1237 2158 1365 2191 viarum
1391 2160 1549 2204 tramites,

980 2207 1106 2239 Rectae
1119 2206 1207 2239 vitae
1222 2208 1303 2240 dans
1317 2209 1410 2249 sequi
1419 2209 1550 2242 lineam.

908 2287 965 2321 86.
981 2287 1064 2331 Ave,
1091 2288 1198 2330 petra,
1227 2287 1267 2320 de
1294 2297 1357 2329 qua
1384 2288 1543 2321 eeclesiae

988 2336 1127 2370 Sanctus
1150 2336 1271 2370 Paulus

1052 2385 1171 2420 stravit
1196 2384 1400 2428 fundamina,

977 2436 1069 2478 Rege
1094 2444 1146 2469 me
1173 2438 1355 2469 contectum
1384 2435 1504 2469 canitie

982 2485 1081 2528 Legis
1109 2488 1185 2518 tuae
1209 2494 1271 2527 per
1295 2484 1530 2518 moderamina?
