<?xml version="1.0" encoding="UTF-8"?>
<!DOCTYPE html PUBLIC "-//W3C//DTD XHTML 1.0 Transitional//EN"
    "http://www.w3.org/TR/xhtml1/DTD/xhtml1-transitional.dtd">
<html xmlns="http://www.w3.org/1999/xhtml" xml:lang="en" lang="en">
 <head>
  <title>
</title>
<meta http-equiv="Content-Type" content="text/html;charset=utf-8" />
  <meta name='ocr-system' content='tesseract 3.04.00' />
  <meta name='ocr-capabilities' content='ocr_page ocr_carea ocr_par ocr_line ocrx_word'/>
</head>
<body>
  <div class='ocr_page' id='page_1' title='image "./analectahymnica38drevuoft_00134.png"; bbox 0 0 1650 2671; ppageno 0'>
   <div class='ocr_carea' id='block_1_1' title="bbox 744 146 977 183">
    <p class='ocr_par' dir='ltr' id='par_1_1' title="bbox 744 146 977 183">
     <span class='ocr_line' id='line_1_1' title="bbox 744 146 977 183; baseline -0.004 0"><span class='ocrx_word' id='word_1_1' title='bbox 744 146 977 183; x_wconf 76' lang='lat'>-131-</span> 
     </span>
    </p>
   </div>
   <div class='ocr_carea' id='block_1_2' title="bbox 168 244 819 482">
    <p class='ocr_par' dir='ltr' id='par_1_2' title="bbox 168 244 819 425">
     <span class='ocr_line' id='line_1_2' title="bbox 168 244 811 287; baseline 0.005 -11"><span class='ocrx_word' id='word_1_2' title='bbox 168 244 225 277; x_wconf 78' lang='lat'>95.</span> <span class='ocrx_word' id='word_1_3' title='bbox 244 244 331 285; x_wconf 73' lang='lat' dir='ltr'>Ave,</span> <span class='ocrx_word' id='word_1_4' title='bbox 358 245 445 286; x_wconf 78' lang='lat' dir='ltr'>lesu,</span> <span class='ocrx_word' id='word_1_5' title='bbox 474 245 564 277; x_wconf 78' lang='lat' dir='ltr'>cuius</span> <span class='ocrx_word' id='word_1_6' title='bbox 590 247 811 287; x_wconf 69' lang='lat' dir='ltr'><strong>praesentiam</strong></span> 
     </span>
     <span class='ocr_line' id='line_1_3' title="bbox 248 292 819 337; baseline 0.004 -11"><span class='ocrx_word' id='word_1_7' title='bbox 248 292 475 326; x_wconf 78' lang='lat' dir='ltr'>Promiserunt</span> <span class='ocrx_word' id='word_1_8' title='bbox 502 293 589 327; x_wconf 78' lang='lat' dir='ltr'>dieta</span> <span class='ocrx_word' id='word_1_9' title='bbox 614 295 819 337; x_wconf 84' lang='lat' dir='ltr'>prophetica,</span> 
     </span>
     <span class='ocr_line' id='line_1_4' title="bbox 246 340 819 384; baseline 0.005 -11"><span class='ocrx_word' id='word_1_10' title='bbox 246 340 317 374; x_wconf 82' lang='lat' dir='ltr'>Nos</span> <span class='ocrx_word' id='word_1_11' title='bbox 332 342 506 375; x_wconf 80' lang='lat' dir='ltr'>mundatos</span> <span class='ocrx_word' id='word_1_12' title='bbox 514 352 577 383; x_wconf 88' lang='lat' dir='ltr'>per</span> <span class='ocrx_word' id='word_1_13' title='bbox 584 344 819 384; x_wconf 80' lang='lat' dir='ltr'>paenitentiam</span> 
     </span>
     <span class='ocr_line' id='line_1_5' title="bbox 241 389 563 425; baseline 0.006 -2"><span class='ocrx_word' id='word_1_14' title='bbox 241 389 388 423; x_wconf 79' lang='lat' dir='ltr'>Tandem</span> <span class='ocrx_word' id='word_1_15' title='bbox 416 390 563 425; x_wconf 78' lang='lat' dir='ltr'>transfer</span> 
     </span>
    </p>

    <p class='ocr_par' dir='ltr' id='par_1_3' title="bbox 318 440 648 482">
     <span class='ocr_line' id='line_1_6' title="bbox 318 440 648 482; baseline 0.015 -10"><span class='ocrx_word' id='word_1_16' title='bbox 318 440 358 472; x_wconf 78' lang='lat' dir='ltr'>acl</span> <span class='ocrx_word' id='word_1_17' title='bbox 387 448 484 482; x_wconf 81' lang='lat' dir='ltr'>regna</span> <span class='ocrx_word' id='word_1_18' title='bbox 515 441 648 477; x_wconf 83' lang='lat' dir='ltr'>caelica.</span> 
     </span>
    </p>
   </div>
   <div class='ocr_carea' id='block_1_3' title="bbox 170 539 820 730">
    <p class='ocr_par' dir='ltr' id='par_1_4' title="bbox 170 539 820 730">
     <span class='ocr_line' id='line_1_7' title="bbox 170 539 820 581; baseline 0.002 -10"><span class='ocrx_word' id='word_1_19' title='bbox 170 539 228 573; x_wconf 71' lang='lat'>96.</span> <span class='ocrx_word' id='word_1_20' title='bbox 248 539 333 579; x_wconf 85' lang='lat' dir='ltr'>Ave,</span> <span class='ocrx_word' id='word_1_21' title='bbox 360 539 446 579; x_wconf 86' lang='lat' dir='ltr'>lesu,</span> <span class='ocrx_word' id='word_1_22' title='bbox 475 548 570 581; x_wconf 90' lang='lat' dir='ltr'>quem</span> <span class='ocrx_word' id='word_1_23' title='bbox 589 540 695 573; x_wconf 83' lang='lat' dir='ltr'>saneti</span> <span class='ocrx_word' id='word_1_24' title='bbox 712 540 820 580; x_wconf 84' lang='lat' dir='ltr'>angeli</span> 
     </span>
     <span class='ocr_line' id='line_1_8' title="bbox 244 588 785 631; baseline 0 -11"><span class='ocrx_word' id='word_1_25' title='bbox 244 588 284 620; x_wconf 85' lang='lat' dir='ltr'>In</span> <span class='ocrx_word' id='word_1_26' title='bbox 311 588 463 629; x_wconf 82' lang='lat' dir='ltr'>supernis</span> <span class='ocrx_word' id='word_1_27' title='bbox 489 588 632 622; x_wconf 77' lang='lat' dir='ltr'>adorant</span> <span class='ocrx_word' id='word_1_28' title='bbox 654 589 785 631; x_wconf 83' lang='lat' dir='ltr'>iugiter,</span> 
     </span>
     <span class='ocr_line' id='line_1_9' title="bbox 249 636 780 679; baseline 0 -10"><span class='ocrx_word' id='word_1_29' title='bbox 249 636 425 678; x_wconf 86' lang='lat' dir='ltr'>Capiamur</span> <span class='ocrx_word' id='word_1_30' title='bbox 450 647 492 670; x_wconf 89' lang='lat' dir='ltr'>ne</span> <span class='ocrx_word' id='word_1_31' title='bbox 518 636 636 671; x_wconf 86' lang='lat' dir='ltr'>fraude</span> <span class='ocrx_word' id='word_1_32' title='bbox 660 637 780 679; x_wconf 81' lang='lat' dir='ltr'>zabuli,</span> 
     </span>
     <span class='ocr_line' id='line_1_10' title="bbox 247 685 792 730; baseline 0.007 -13"><span class='ocrx_word' id='word_1_33' title='bbox 247 685 318 718; x_wconf 77' lang='lat' dir='ltr'>Nos</span> <span class='ocrx_word' id='word_1_34' title='bbox 347 687 484 730; x_wconf 81' lang='lat' dir='ltr'>custodi,</span> <span class='ocrx_word' id='word_1_35' title='bbox 511 691 589 727; x_wconf 88' lang='lat' dir='ltr'>peto</span> <span class='ocrx_word' id='word_1_36' title='bbox 615 686 792 721; x_wconf 83' lang='lat' dir='ltr'>humiliter.</span> 
     </span>
    </p>
   </div>
   <div class='ocr_carea' id='block_1_4' title="bbox 167 784 811 973">
    <p class='ocr_par' dir='ltr' id='par_1_5' title="bbox 167 784 811 973">
     <span class='ocr_line' id='line_1_11' title="bbox 167 784 728 825; baseline 0 -9"><span class='ocrx_word' id='word_1_37' title='bbox 167 784 225 817; x_wconf 85' lang='lat'>97.</span> <span class='ocrx_word' id='word_1_38' title='bbox 242 784 325 825; x_wconf 88' lang='lat' dir='ltr'>Ave,</span> <span class='ocrx_word' id='word_1_39' title='bbox 354 786 444 817; x_wconf 86' lang='lat' dir='ltr'>cuius</span> <span class='ocrx_word' id='word_1_40' title='bbox 471 784 561 818; x_wconf 83' lang='lat' dir='ltr'>fama</span> <span class='ocrx_word' id='word_1_41' title='bbox 585 784 728 817; x_wconf 77' lang='lat' dir='ltr'>velocius</span> 
     </span>
     <span class='ocr_line' id='line_1_12' title="bbox 242 833 811 875; baseline 0 -10"><span class='ocrx_word' id='word_1_42' title='bbox 242 833 349 866; x_wconf 87' lang='lat' dir='ltr'>Vento</span> <span class='ocrx_word' id='word_1_43' title='bbox 365 834 469 866; x_wconf 84' lang='lat' dir='ltr'>currit</span> <span class='ocrx_word' id='word_1_44' title='bbox 478 842 539 875; x_wconf 90' lang='lat' dir='ltr'>per</span> <span class='ocrx_word' id='word_1_45' title='bbox 547 843 621 865; x_wconf 88' lang='lat' dir='ltr'>mun</span> <span class='ocrx_word' id='word_1_46' title='bbox 627 833 660 866; x_wconf 90' lang='lat' dir='ltr'>di</span> <span class='ocrx_word' id='word_1_47' title='bbox 671 833 811 874; x_wconf 86' lang='lat' dir='ltr'>climata,</span> 
     </span>
     <span class='ocr_line' id='line_1_13' title="bbox 242 882 752 925; baseline -0.002 -10"><span class='ocrx_word' id='word_1_48' title='bbox 242 882 354 915; x_wconf 87' lang='lat' dir='ltr'>Servis</span> <span class='ocrx_word' id='word_1_49' title='bbox 381 882 447 915; x_wconf 85' lang='lat' dir='ltr'>tuis</span> <span class='ocrx_word' id='word_1_50' title='bbox 472 891 627 915; x_wconf 85' lang='lat' dir='ltr'>succurre</span> <span class='ocrx_word' id='word_1_51' title='bbox 653 882 752 925; x_wconf 83' lang='lat' dir='ltr'>ocius,</span> 
     </span>
     <span class='ocr_line' id='line_1_14' title="bbox 241 930 811 973; baseline 0 -9"><span class='ocrx_word' id='word_1_52' title='bbox 241 930 328 970; x_wconf 78' lang='lat' dir='ltr'>Quos</span> <span class='ocrx_word' id='word_1_53' title='bbox 337 931 467 972; x_wconf 79' lang='lat' dir='ltr'>peceati</span> <span class='ocrx_word' id='word_1_54' title='bbox 477 933 633 973; x_wconf 80' lang='lat' dir='ltr'>premunt</span> <span class='ocrx_word' id='word_1_55' title='bbox 641 930 811 964; x_wconf 80' lang='lat' dir='ltr'>demerita.</span> 
     </span>
    </p>
   </div>
   <div class='ocr_carea' id='block_1_5' title="bbox 904 246 1522 483">
    <p class='ocr_par' dir='ltr' id='par_1_6' title="bbox 904 246 1522 483">
     <span class='ocr_line' id='line_1_15' title="bbox 904 246 1212 288; baseline -0.01 -8"><span class='ocrx_word' id='word_1_56' title='bbox 904 246 961 281; x_wconf 76' lang='lat'>98.</span> <span class='ocrx_word' id='word_1_57' title='bbox 977 247 1058 288; x_wconf 84' lang='lat' dir='ltr'>Ave,</span> <span class='ocrx_word' id='word_1_58' title='bbox 1091 246 1212 278; x_wconf 78' lang='lat' dir='ltr'>candor</span> 
     </span>
     <span class='ocr_line' id='line_1_16' title="bbox 1050 292 1447 335; baseline -0.008 -8"><span class='ocrx_word' id='word_1_59' title='bbox 1050 295 1205 335; x_wconf 81' lang='lat' dir='ltr'>sidusque</span> <span class='ocrx_word' id='word_1_60' title='bbox 1227 292 1447 335; x_wconf 82' lang='lat' dir='ltr'>splendidum,</span> 
     </span>
     <span class='ocr_line' id='line_1_17' title="bbox 977 341 1522 384; baseline -0.007 -7"><span class='ocrx_word' id='word_1_61' title='bbox 977 344 1168 377; x_wconf 87' lang='lat' dir='ltr'>Illustratur</span> <span class='ocrx_word' id='word_1_62' title='bbox 1196 352 1258 384; x_wconf 87' lang='lat' dir='ltr'>quo</span> <span class='ocrx_word' id='word_1_63' title='bbox 1286 341 1369 375; x_wconf 87' lang='lat' dir='ltr'>caeli</span> <span class='ocrx_word' id='word_1_64' title='bbox 1395 341 1522 384; x_wconf 82' lang='lat' dir='ltr'>civitas,</span> 
     </span>
     <span class='ocr_line' id='line_1_18' title="bbox 975 390 1521 435; baseline -0.007 -9"><span class='ocrx_word' id='word_1_65' title='bbox 975 392 1033 426; x_wconf 85' lang='lat' dir='ltr'>Me</span> <span class='ocrx_word' id='word_1_66' title='bbox 1055 392 1183 434; x_wconf 82' lang='lat' dir='ltr'>fulgore</span> <span class='ocrx_word' id='word_1_67' title='bbox 1199 394 1254 425; x_wconf 86' lang='lat' dir='ltr'>tuo</span> <span class='ocrx_word' id='word_1_68' title='bbox 1274 390 1327 425; x_wconf 81' lang='lat' dir='ltr'>fae</span> <span class='ocrx_word' id='word_1_69' title='bbox 1345 391 1521 435; x_wconf 80' lang='lat' dir='ltr'>canditum,</span> 
     </span>
     <span class='ocr_line' id='line_1_19' title="bbox 975 439 1522 483; baseline 0 -8"><span class='ocrx_word' id='word_1_70' title='bbox 975 439 1522 483; x_wconf 76' lang='lat' dir='ltr'>QuempeccatiobfuscatnigritaS.</span> 
     </span>
    </p>
   </div>
   <div class='ocr_carea' id='block_1_6' title="bbox 905 538 1522 726">
    <p class='ocr_par' dir='ltr' id='par_1_7' title="bbox 905 538 1522 726">
     <span class='ocr_line' id='line_1_20' title="bbox 905 538 1511 582; baseline -0.008 -7"><span class='ocrx_word' id='word_1_71' title='bbox 905 541 961 575; x_wconf 87' lang='lat'>99.</span> <span class='ocrx_word' id='word_1_72' title='bbox 976 541 1059 582; x_wconf 84' lang='lat' dir='ltr'>Ave,</span> <span class='ocrx_word' id='word_1_73' title='bbox 1087 540 1172 581; x_wconf 86' lang='lat' dir='ltr'>Iesu,</span> <span class='ocrx_word' id='word_1_74' title='bbox 1201 543 1333 572; x_wconf 83' lang='lat' dir='ltr'>aeterne</span> <span class='ocrx_word' id='word_1_75' title='bbox 1361 538 1511 579; x_wconf 79' lang='lat' dir='ltr'>Domine,</span> 
     </span>
     <span class='ocr_line' id='line_1_21' title="bbox 975 588 1456 626; baseline -0.004 -4"><span class='ocrx_word' id='word_1_76' title='bbox 975 588 1156 623; x_wconf 77' lang='lat' dir='ltr'>lubilumus</span> <span class='ocrx_word' id='word_1_77' title='bbox 1182 589 1235 620; x_wconf 83' lang='lat' dir='ltr'>eui</span> <span class='ocrx_word' id='word_1_78' title='bbox 1259 589 1293 621; x_wconf 82' lang='lat' dir='ltr'>in</span> <span class='ocrx_word' id='word_1_79' title='bbox 1319 588 1456 626; x_wconf 79' lang='lat' dir='ltr'>laetitia,</span> 
     </span>
     <span class='ocr_line' id='line_1_22' title="bbox 975 636 1499 670; baseline -0.004 0"><span class='ocrx_word' id='word_1_80' title='bbox 975 636 1155 670; x_wconf 89' lang='lat' dir='ltr'>Absolutos</span> <span class='ocrx_word' id='word_1_81' title='bbox 1182 637 1222 670; x_wconf 85' lang='lat' dir='ltr'>ab</span> <span class='ocrx_word' id='word_1_82' title='bbox 1250 638 1336 670; x_wconf 88' lang='lat' dir='ltr'>omni</span> <span class='ocrx_word' id='word_1_83' title='bbox 1364 636 1499 669; x_wconf 85' lang='lat' dir='ltr'>crimine</span> 
     </span>
     <span class='ocr_line' id='line_1_23' title="bbox 974 685 1522 726; baseline 0 -7"><span class='ocrx_word' id='word_1_84' title='bbox 974 686 1014 719; x_wconf 77' lang='lat' dir='ltr'>ln</span> <span class='ocrx_word' id='word_1_85' title='bbox 1040 689 1175 718; x_wconf 85' lang='lat' dir='ltr'>aeterna</span> <span class='ocrx_word' id='word_1_86' title='bbox 1199 686 1325 726; x_wconf 79' lang='lat' dir='ltr'>perduc</span> <span class='ocrx_word' id='word_1_87' title='bbox 1351 694 1409 719; x_wconf 87' lang='lat' dir='ltr'>nos</span> <span class='ocrx_word' id='word_1_88' title='bbox 1427 685 1522 719; x_wconf 79' lang='lat' dir='ltr'>atria.</span> 
     </span>
    </p>
   </div>
   <div class='ocr_carea' id='block_1_7' title="bbox 877 783 1471 828">
    <p class='ocr_par' dir='ltr' id='par_1_8' title="bbox 877 783 1471 828">
     <span class='ocr_line' id='line_1_24' title="bbox 877 783 1471 828; baseline -0.005 -10"><span class='ocrx_word' id='word_1_89' title='bbox 877 785 959 818; x_wconf 91' lang='lat'>100.</span> <span class='ocrx_word' id='word_1_90' title='bbox 974 785 1056 828; x_wconf 85' lang='lat' dir='ltr'>Ave,</span> <span class='ocrx_word' id='word_1_91' title='bbox 1082 784 1170 827; x_wconf 85' lang='lat' dir='ltr'>Iesu,</span> <span class='ocrx_word' id='word_1_92' title='bbox 1199 786 1252 816; x_wconf 83' lang='lat' dir='ltr'>cui</span> <span class='ocrx_word' id='word_1_93' title='bbox 1276 783 1471 825; x_wconf 80' lang='lat' dir='ltr'>simplicitas</span> 
     </span>
    </p>
   </div>
   <div class='ocr_carea' id='block_1_8' title="bbox 971 832 1523 972">
    <p class='ocr_par' dir='ltr' id='par_1_9' title="bbox 971 832 1523 972">
     <span class='ocr_line' id='line_1_25' title="bbox 973 832 1521 873; baseline -0.002 -7"><span class='ocrx_word' id='word_1_94' title='bbox 973 832 1111 873; x_wconf 82' lang='lat' dir='ltr'>Semper</span> <span class='ocrx_word' id='word_1_95' title='bbox 1132 833 1244 873; x_wconf 83' lang='lat' dir='ltr'>placet</span> <span class='ocrx_word' id='word_1_96' title='bbox 1263 841 1303 865; x_wconf 83' lang='lat' dir='ltr'>ae</span> <span class='ocrx_word' id='word_1_97' title='bbox 1324 833 1521 871; x_wconf 83' lang='lat' dir='ltr'>innocentia,</span> 
     </span>
     <span class='ocr_line' id='line_1_26' title="bbox 972 881 1523 923; baseline 0 -9"><span class='ocrx_word' id='word_1_98' title='bbox 972 882 1004 914; x_wconf 90' lang='lat' dir='ltr'>A</span> <span class='ocrx_word' id='word_1_99' title='bbox 1013 890 1075 921; x_wconf 91' lang='lat' dir='ltr'>me,</span> <span class='ocrx_word' id='word_1_100' title='bbox 1088 890 1219 923; x_wconf 82' lang='lat' dir='ltr'>quaese,</span> <span class='ocrx_word' id='word_1_101' title='bbox 1230 881 1334 914; x_wconf 89' lang='lat' dir='ltr'>omnis</span> <span class='ocrx_word' id='word_1_102' title='bbox 1346 881 1523 922; x_wconf 80' lang='lat' dir='ltr'>duplicitas</span> 
     </span>
     <span class='ocr_line' id='line_1_27' title="bbox 971 930 1470 972; baseline 0.004 -9"><span class='ocrx_word' id='word_1_103' title='bbox 971 930 1154 972; x_wconf 82' lang='lat' dir='ltr'>Elongetur</span> <span class='ocrx_word' id='word_1_104' title='bbox 1179 933 1278 971; x_wconf 83' lang='lat' dir='ltr'>atque</span> <span class='ocrx_word' id='word_1_105' title='bbox 1303 930 1470 972; x_wconf 79' lang='lat' dir='ltr'>superbia.</span> 
     </span>
    </p>
   </div>
   <div class='ocr_carea' id='block_1_9' title="bbox 643 1068 1036 1111">
    <p class='ocr_par' dir='ltr' id='par_1_10' title="bbox 643 1068 1036 1111">
     <span class='ocr_line' id='line_1_28' title="bbox 643 1068 1036 1111; baseline 0 -9"><span class='ocrx_word' id='word_1_106' title='bbox 643 1070 949 1111; x_wconf 78' lang='lat' dir='ltr'>Quinquagena</span> <span class='ocrx_word' id='word_1_107' title='bbox 974 1068 1036 1103; x_wconf 85' lang='lat' dir='ltr'>III.</span> 
     </span>
    </p>
   </div>
   <div class='ocr_carea' id='block_1_10' title="bbox 165 1177 813 1420">
    <p class='ocr_par' dir='ltr' id='par_1_11' title="bbox 165 1177 813 1420">
     <span class='ocr_line' id='line_1_29' title="bbox 165 1177 813 1220; baseline 0 -9"><span class='ocrx_word' id='word_1_108' title='bbox 165 1177 246 1211; x_wconf 87' lang='lat'>101.</span> <span class='ocrx_word' id='word_1_109' title='bbox 262 1178 345 1218; x_wconf 87' lang='lat' dir='ltr'>Ave,</span> <span class='ocrx_word' id='word_1_110' title='bbox 374 1178 416 1210; x_wconf 87' lang='lat' dir='ltr'>de</span> <span class='ocrx_word' id='word_1_111' title='bbox 442 1178 571 1211; x_wconf 84' lang='lat' dir='ltr'>excelso</span> <span class='ocrx_word' id='word_1_112' title='bbox 595 1178 813 1220; x_wconf 82' lang='lat' dir='ltr'>prospiciens,</span> 
     </span>
     <span class='ocr_line' id='line_1_30' title="bbox 266 1226 471 1260; baseline -0.005 0"><span class='ocrx_word' id='word_1_113' title='bbox 266 1226 312 1260; x_wconf 80' lang='lat' dir='ltr'>Ut</span> <span class='ocrx_word' id='word_1_114' title='bbox 338 1227 471 1259; x_wconf 84' lang='lat' dir='ltr'>audires</span> 
     </span>
     <span class='ocr_line' id='line_1_31' title="bbox 336 1276 714 1318; baseline 0.003 -10"><span class='ocrx_word' id='word_1_115' title='bbox 336 1276 521 1310; x_wconf 85' lang='lat' dir='ltr'>vinctorum</span> <span class='ocrx_word' id='word_1_116' title='bbox 547 1277 714 1318; x_wconf 82' lang='lat' dir='ltr'>gemitum,</span> 
     </span>
     <span class='ocr_line' id='line_1_32' title="bbox 263 1325 811 1366; baseline 0 -8"><span class='ocrx_word' id='word_1_117' title='bbox 263 1325 311 1358; x_wconf 88' lang='lat' dir='ltr'>Te</span> <span class='ocrx_word' id='word_1_118' title='bbox 325 1333 417 1358; x_wconf 90' lang='lat' dir='ltr'>mens</span> <span class='ocrx_word' id='word_1_119' title='bbox 430 1334 504 1358; x_wconf 81' lang='lat' dir='ltr'>mea</span> <span class='ocrx_word' id='word_1_120' title='bbox 517 1327 602 1366; x_wconf 77' lang='lat' dir='ltr'>petit,</span> <span class='ocrx_word' id='word_1_121' title='bbox 616 1326 811 1363; x_wconf 81' lang='lat' dir='ltr'>caecutiens,</span> 
     </span>
     <span class='ocr_line' id='line_1_33' title="bbox 262 1373 810 1420; baseline 0.005 -13"><span class='ocrx_word' id='word_1_122' title='bbox 262 1373 309 1407; x_wconf 78' lang='lat' dir='ltr'>Ut</span> <span class='ocrx_word' id='word_1_123' title='bbox 332 1373 437 1414; x_wconf 88' lang='lat' dir='ltr'>ipsius</span> <span class='ocrx_word' id='word_1_124' title='bbox 464 1383 627 1420; x_wconf 80' lang='lat' dir='ltr'>expurges</span> <span class='ocrx_word' id='word_1_125' title='bbox 650 1375 810 1410; x_wconf 76' lang='lat' dir='ltr'>abditum.</span> 
     </span>
    </p>
   </div>
   <div class='ocr_carea' id='block_1_11' title="bbox 164 1473 809 1710">
    <p class='ocr_par' dir='ltr' id='par_1_12' title="bbox 164 1473 809 1710">
     <span class='ocr_line' id='line_1_34' title="bbox 164 1473 798 1517; baseline 0.005 -12"><span class='ocrx_word' id='word_1_126' title='bbox 164 1473 244 1507; x_wconf 82' lang='lat'>102.</span> <span class='ocrx_word' id='word_1_127' title='bbox 261 1473 344 1514; x_wconf 87' lang='lat' dir='ltr'>Ave,</span> <span class='ocrx_word' id='word_1_128' title='bbox 371 1474 458 1517; x_wconf 86' lang='lat' dir='ltr'>Iesu,</span> <span class='ocrx_word' id='word_1_129' title='bbox 486 1473 538 1507; x_wconf 85' lang='lat' dir='ltr'>eui</span> <span class='ocrx_word' id='word_1_130' title='bbox 562 1474 798 1516; x_wconf 81' lang='lat' dir='ltr'>benedicimuS,</span> 
     </span>
     <span class='ocr_line' id='line_1_35' title="bbox 264 1522 527 1565; baseline 0.004 -10"><span class='ocrx_word' id='word_1_131' title='bbox 264 1522 356 1555; x_wconf 82' lang='lat' dir='ltr'>Patri</span> <span class='ocrx_word' id='word_1_132' title='bbox 379 1532 527 1565; x_wconf 59' lang='lat' dir='ltr'>quoque,</span> 
     </span>
     <span class='ocr_line' id='line_1_36' title="bbox 339 1572 705 1615; baseline 0.005 -11"><span class='ocrx_word' id='word_1_133' title='bbox 339 1580 410 1605; x_wconf 83' lang='lat' dir='ltr'>cum</span> <span class='ocrx_word' id='word_1_134' title='bbox 437 1575 550 1606; x_wconf 84' lang='lat' dir='ltr'>sancto</span> <span class='ocrx_word' id='word_1_135' title='bbox 574 1572 705 1615; x_wconf 88' lang='lat' dir='ltr'>spiritu,</span> 
     </span>
     <span class='ocr_line' id='line_1_37' title="bbox 257 1621 809 1663; baseline 0.004 -9"><span class='ocrx_word' id='word_1_136' title='bbox 257 1621 305 1654; x_wconf 90' lang='lat' dir='ltr'>Te</span> <span class='ocrx_word' id='word_1_137' title='bbox 330 1630 369 1654; x_wconf 81' lang='lat' dir='ltr'>ex</span> <span class='ocrx_word' id='word_1_138' title='bbox 388 1624 456 1655; x_wconf 87' lang='lat' dir='ltr'>toto</span> <span class='ocrx_word' id='word_1_139' title='bbox 476 1622 575 1655; x_wconf 86' lang='lat' dir='ltr'>eorde</span> <span class='ocrx_word' id='word_1_140' title='bbox 593 1622 809 1663; x_wconf 74' lang='lat' dir='ltr'>exposcimus,</span> 
     </span>
     <span class='ocr_line' id='line_1_38' title="bbox 259 1670 799 1710; baseline 0.006 -6"><span class='ocrx_word' id='word_1_141' title='bbox 259 1670 306 1704; x_wconf 78' lang='lat' dir='ltr'>Ut</span> <span class='ocrx_word' id='word_1_142' title='bbox 330 1680 390 1704; x_wconf 90' lang='lat' dir='ltr'>nos</span> <span class='ocrx_word' id='word_1_143' title='bbox 417 1672 560 1706; x_wconf 82' lang='lat' dir='ltr'>redimas</span> <span class='ocrx_word' id='word_1_144' title='bbox 587 1670 627 1705; x_wconf 85' lang='lat' dir='ltr'>ab</span> <span class='ocrx_word' id='word_1_145' title='bbox 649 1671 799 1710; x_wconf 73' lang='lat' dir='ltr'>interita.</span> 
     </span>
    </p>
   </div>
   <div class='ocr_carea' id='block_1_12' title="bbox 162 1769 810 1962">
    <p class='ocr_par' dir='ltr' id='par_1_13' title="bbox 162 1769 810 1962">
     <span class='ocr_line' id='line_1_39' title="bbox 162 1769 764 1812; baseline 0.002 -9"><span class='ocrx_word' id='word_1_146' title='bbox 162 1769 243 1805; x_wconf 82' lang='lat'>103.</span> <span class='ocrx_word' id='word_1_147' title='bbox 259 1771 344 1812; x_wconf 88' lang='lat' dir='ltr'>Ave,</span> <span class='ocrx_word' id='word_1_148' title='bbox 372 1771 457 1812; x_wconf 88' lang='lat' dir='ltr'>Iesu,</span> <span class='ocrx_word' id='word_1_149' title='bbox 485 1771 575 1804; x_wconf 83' lang='lat' dir='ltr'>euius</span> <span class='ocrx_word' id='word_1_150' title='bbox 601 1772 764 1805; x_wconf 80' lang='lat' dir='ltr'>stabilitas</span> 
     </span>
     <span class='ocr_line' id='line_1_40' title="bbox 258 1820 809 1862; baseline 0.002 -9"><span class='ocrx_word' id='word_1_151' title='bbox 258 1820 298 1853; x_wconf 79' lang='lat' dir='ltr'>In</span> <span class='ocrx_word' id='word_1_152' title='bbox 314 1822 480 1854; x_wconf 82' lang='lat' dir='ltr'>aeternum</span> <span class='ocrx_word' id='word_1_153' title='bbox 495 1823 606 1854; x_wconf 83' lang='lat' dir='ltr'>manet</span> <span class='ocrx_word' id='word_1_154' title='bbox 621 1820 809 1862; x_wconf 82' lang='lat' dir='ltr'>immobiliS,</span> 
     </span>
     <span class='ocr_line' id='line_1_41' title="bbox 258 1869 772 1904; baseline 0.002 -2"><span class='ocrx_word' id='word_1_155' title='bbox 258 1869 328 1902; x_wconf 85' lang='lat' dir='ltr'>Tuo</span> <span class='ocrx_word' id='word_1_156' title='bbox 354 1873 435 1903; x_wconf 83' lang='lat' dir='ltr'>nutu</span> <span class='ocrx_word' id='word_1_157' title='bbox 460 1873 575 1903; x_wconf 82' lang='lat' dir='ltr'>nostra</span> <span class='ocrx_word' id='word_1_158' title='bbox 598 1869 772 1904; x_wconf 85' lang='lat' dir='ltr'>infirmit-as</span> 
     </span>
     <span class='ocr_line' id='line_1_42' title="bbox 260 1919 810 1962; baseline -0.002 -10"><span class='ocrx_word' id='word_1_159' title='bbox 260 1919 459 1960; x_wconf 82' lang='lat' dir='ltr'>Protegatur</span> <span class='ocrx_word' id='word_1_160' title='bbox 484 1929 505 1952; x_wconf 84' lang='lat' dir='ltr'>a</span> <span class='ocrx_word' id='word_1_161' title='bbox 530 1919 653 1952; x_wconf 82' lang='lat' dir='ltr'>sanctis</span> <span class='ocrx_word' id='word_1_162' title='bbox 676 1919 810 1962; x_wconf 79' lang='lat' dir='ltr'>angelis,</span> 
     </span>
    </p>
   </div>
   <div class='ocr_carea' id='block_1_13' title="bbox 162 2017 789 2308">
    <p class='ocr_par' dir='ltr' id='par_1_14' title="bbox 162 2017 789 2308">
     <span class='ocr_line' id='line_1_43' title="bbox 162 2017 789 2061; baseline -0.002 -9"><span class='ocrx_word' id='word_1_163' title='bbox 162 2017 244 2052; x_wconf 87' lang='lat'>104.</span> <span class='ocrx_word' id='word_1_164' title='bbox 258 2018 343 2061; x_wconf 88' lang='lat' dir='ltr'>Ave,</span> <span class='ocrx_word' id='word_1_165' title='bbox 372 2019 462 2051; x_wconf 87' lang='lat' dir='ltr'>euius</span> <span class='ocrx_word' id='word_1_166' title='bbox 491 2018 598 2052; x_wconf 83' lang='lat' dir='ltr'>earnis</span> <span class='ocrx_word' id='word_1_167' title='bbox 624 2019 789 2059; x_wconf 83' lang='lat' dir='ltr'>susceptio</span> 
     </span>
     <span class='ocr_line' id='line_1_44' title="bbox 258 2066 561 2109; baseline 0 -9"><span class='ocrx_word' id='word_1_168' title='bbox 258 2066 384 2100; x_wconf 75' lang='lat' dir='ltr'>Nostra</span> <span class='ocrx_word' id='word_1_169' title='bbox 410 2076 561 2109; x_wconf 78' lang='lat' dir='ltr'>compro—</span> 
     </span>
     <span class='ocr_line' id='line_1_45' title="bbox 336 2116 638 2160; baseline 0.003 -11"><span class='ocrx_word' id='word_1_170' title='bbox 336 2116 434 2150; x_wconf 87' lang='lat' dir='ltr'>batur</span> <span class='ocrx_word' id='word_1_171' title='bbox 459 2117 638 2160; x_wconf 82' lang='lat' dir='ltr'>hereditaS,</span> 
     </span>
     <span class='ocr_line' id='line_1_46' title="bbox 257 2166 737 2210; baseline -0.002 -11"><span class='ocrx_word' id='word_1_172' title='bbox 257 2166 330 2200; x_wconf 81' lang='lat' dir='ltr'>Tua</span> <span class='ocrx_word' id='word_1_173' title='bbox 355 2169 464 2210; x_wconf 74' lang='lat' dir='ltr'>tergat</span> <span class='ocrx_word' id='word_1_174' title='bbox 489 2176 601 2200; x_wconf 81' lang='lat' dir='ltr'>amara</span> <span class='ocrx_word' id='word_1_175' title='bbox 626 2166 737 2208; x_wconf 85' lang='lat' dir='ltr'>passio</span> 
     </span>
     <span class='ocr_line' id='line_1_47' title="bbox 258 2216 542 2250; baseline 0 -1"><span class='ocrx_word' id='word_1_176' title='bbox 258 2216 382 2250; x_wconf 89' lang='lat' dir='ltr'>Mentis</span> <span class='ocrx_word' id='word_1_177' title='bbox 409 2221 542 2250; x_wconf 85' lang='lat' dir='ltr'>nostrae</span> 
     </span>
     <span class='ocr_line' id='line_1_48' title="bbox 329 2266 680 2308; baseline 0 -8"><span class='ocrx_word' id='word_1_178' title='bbox 329 2267 445 2300; x_wconf 87' lang='lat' dir='ltr'>sordes</span> <span class='ocrx_word' id='word_1_179' title='bbox 471 2266 680 2308; x_wconf 78' lang='lat' dir='ltr'>praeteritas.</span> 
     </span>
    </p>
   </div>
   <div class='ocr_carea' id='block_1_14' title="bbox 155 2365 808 2555">
    <p class='ocr_par' dir='ltr' id='par_1_15' title="bbox 155 2365 808 2555">
     <span class='ocr_line' id='line_1_49' title="bbox 155 2365 749 2409; baseline -0.003 -9"><span class='ocrx_word' id='word_1_180' title='bbox 155 2366 237 2400; x_wconf 85' lang='lat'>105.</span> <span class='ocrx_word' id='word_1_181' title='bbox 254 2365 339 2408; x_wconf 86' lang='lat' dir='ltr'>Ave,</span> <span class='ocrx_word' id='word_1_182' title='bbox 366 2366 453 2409; x_wconf 83' lang='lat' dir='ltr'>Iesu,</span> <span class='ocrx_word' id='word_1_183' title='bbox 482 2365 573 2399; x_wconf 87' lang='lat' dir='ltr'>cuius</span> <span class='ocrx_word' id='word_1_184' title='bbox 598 2365 749 2408; x_wconf 80' lang='lat' dir='ltr'>potentia</span> 
     </span>
     <span class='ocr_line' id='line_1_50' title="bbox 256 2414 729 2457; baseline -0.002 -9"><span class='ocrx_word' id='word_1_185' title='bbox 256 2414 439 2449; x_wconf 79' lang='lat' dir='ltr'>Creaturae</span> <span class='ocrx_word' id='word_1_186' title='bbox 464 2418 517 2448; x_wconf 80' lang='lat' dir='ltr'>est</span> <span class='ocrx_word' id='word_1_187' title='bbox 539 2414 729 2457; x_wconf 81' lang='lat' dir='ltr'>ineffabilis,</span> 
     </span>
     <span class='ocr_line' id='line_1_51' title="bbox 257 2464 780 2507; baseline 0 -10"><span class='ocrx_word' id='word_1_188' title='bbox 257 2464 368 2498; x_wconf 82' lang='lat' dir='ltr'>Corda</span> <span class='ocrx_word' id='word_1_189' title='bbox 394 2467 508 2499; x_wconf 82' lang='lat' dir='ltr'>nostra</span> <span class='ocrx_word' id='word_1_190' title='bbox 533 2466 626 2507; x_wconf 85' lang='lat' dir='ltr'>reple</span> <span class='ocrx_word' id='word_1_191' title='bbox 652 2465 780 2498; x_wconf 81' lang='lat' dir='ltr'>laetitia</span> 
     </span>
     <span class='ocr_line' id='line_1_52' title="bbox 254 2513 808 2555; baseline -0.002 -7"><span class='ocrx_word' id='word_1_192' title='bbox 254 2513 286 2548; x_wconf 80' lang='lat' dir='ltr'>A</span> <span class='ocrx_word' id='word_1_193' title='bbox 312 2514 442 2555; x_wconf 78' lang='lat' dir='ltr'>peccati</span> <span class='ocrx_word' id='word_1_194' title='bbox 463 2514 638 2548; x_wconf 85' lang='lat' dir='ltr'>absolvens</span> <span class='ocrx_word' id='word_1_195' title='bbox 659 2515 808 2549; x_wconf 85' lang='lat' dir='ltr'>vinculis.</span> 
     </span>
    </p>
   </div>
   <div class='ocr_carea' id='block_1_15' title="bbox 877 1175 1523 1415">
    <p class='ocr_par' dir='ltr' id='par_1_16' title="bbox 877 1175 1523 1415">
     <span class='ocr_line' id='line_1_53' title="bbox 877 1175 1458 1221; baseline -0.005 -9"><span class='ocrx_word' id='word_1_196' title='bbox 877 1178 958 1212; x_wconf 89' lang='lat'><strong>106.</strong></span> <span class='ocrx_word' id='word_1_197' title='bbox 972 1177 1053 1221; x_wconf 80' lang='lat' dir='ltr'>Ave,</span> <span class='ocrx_word' id='word_1_198' title='bbox 1082 1175 1244 1209; x_wconf 84' lang='lat' dir='ltr'>liberator</span> <span class='ocrx_word' id='word_1_199' title='bbox 1269 1175 1458 1221; x_wconf 80' lang='lat' dir='ltr'>fortissime,</span> 
     </span>
     <span class='ocr_line' id='line_1_54' title="bbox 972 1226 1223 1259; baseline -0.004 0"><span class='ocrx_word' id='word_1_200' title='bbox 972 1226 1087 1259; x_wconf 83' lang='lat' dir='ltr'>Hostis</span> <span class='ocrx_word' id='word_1_201' title='bbox 1114 1226 1223 1258; x_wconf 85' lang='lat' dir='ltr'>vinela</span> 
     </span>
     <span class='ocr_line' id='line_1_55' title="bbox 1043 1275 1407 1317; baseline 0 -10"><span class='ocrx_word' id='word_1_202' title='bbox 1043 1283 1198 1315; x_wconf 87' lang='lat' dir='ltr'>rumpens</span> <span class='ocrx_word' id='word_1_203' title='bbox 1224 1275 1407 1317; x_wconf 78' lang='lat' dir='ltr'>tyrannica,</span> 
     </span>
     <span class='ocr_line' id='line_1_56' title="bbox 973 1323 1523 1358; baseline 0 -1"><span class='ocrx_word' id='word_1_204' title='bbox 973 1324 1054 1358; x_wconf 89' lang='lat' dir='ltr'>Cibo</span> <span class='ocrx_word' id='word_1_205' title='bbox 1082 1328 1156 1357; x_wconf 80' lang='lat' dir='ltr'>tuae</span> <span class='ocrx_word' id='word_1_206' title='bbox 1183 1325 1290 1357; x_wconf 86' lang='lat' dir='ltr'>carnis</span> <span class='ocrx_word' id='word_1_207' title='bbox 1314 1323 1523 1357; x_wconf 86' lang='lat' dir='ltr'>dulcissimae</span> 
     </span>
     <span class='ocr_line' id='line_1_57' title="bbox 970 1372 1521 1415; baseline 0.002 -8"><span class='ocrx_word' id='word_1_208' title='bbox 970 1373 1081 1407; x_wconf 81' lang='lat' dir='ltr'>Corda</span> <span class='ocrx_word' id='word_1_209' title='bbox 1106 1376 1222 1407; x_wconf 79' lang='lat' dir='ltr'>nostra</span> <span class='ocrx_word' id='word_1_210' title='bbox 1246 1373 1341 1415; x_wconf 85' lang='lat' dir='ltr'>reple</span> <span class='ocrx_word' id='word_1_211' title='bbox 1356 1372 1521 1408; x_wconf 73' lang='lat' dir='ltr'>famelica.</span> 
     </span>
    </p>
   </div>
   <div class='ocr_carea' id='block_1_16' title="bbox 873 1471 1523 1513">
    <p class='ocr_par' dir='ltr' id='par_1_17' title="bbox 873 1471 1523 1513">
     <span class='ocr_line' id='line_1_58' title="bbox 873 1471 1523 1513; baseline -0.002 -7"><span class='ocrx_word' id='word_1_212' title='bbox 873 1473 953 1508; x_wconf 82' lang='lat'>107.</span> <span class='ocrx_word' id='word_1_213' title='bbox 969 1474 1052 1513; x_wconf 82' lang='lat' dir='ltr'>Ave,</span> <span class='ocrx_word' id='word_1_214' title='bbox 1081 1472 1172 1505; x_wconf 84' lang='lat' dir='ltr'>euius</span> <span class='ocrx_word' id='word_1_215' title='bbox 1198 1472 1301 1506; x_wconf 88' lang='lat' dir='ltr'>nubes</span> <span class='ocrx_word' id='word_1_216' title='bbox 1328 1471 1523 1505; x_wconf 81' lang='lat' dir='ltr'>imbriferae</span> 
     </span>
    </p>
   </div>
   <div class='ocr_carea' id='block_1_17' title="bbox 969 1521 1521 1663">
    <p class='ocr_par' dir='ltr' id='par_1_18' title="bbox 969 1521 1521 1663">
     <span class='ocr_line' id='line_1_59' title="bbox 969 1521 1468 1567; baseline 0.002 -13"><span class='ocrx_word' id='word_1_217' title='bbox 969 1521 1125 1555; x_wconf 85' lang='lat' dir='ltr'>Infideles</span> <span class='ocrx_word' id='word_1_218' title='bbox 1150 1522 1291 1565; x_wconf 88' lang='lat' dir='ltr'>populos</span> <span class='ocrx_word' id='word_1_219' title='bbox 1317 1522 1468 1567; x_wconf 79' lang='lat' dir='ltr'>irrigant,</span> 
     </span>
     <span class='ocr_line' id='line_1_60' title="bbox 969 1571 1521 1614; baseline -0.002 -10"><span class='ocrx_word' id='word_1_220' title='bbox 969 1571 1047 1604; x_wconf 81' lang='lat' dir='ltr'>Noli</span> <span class='ocrx_word' id='word_1_221' title='bbox 1064 1580 1177 1604; x_wconf 88' lang='lat' dir='ltr'>servos</span> <span class='ocrx_word' id='word_1_222' title='bbox 1190 1571 1340 1605; x_wconf 73' lang='lat' dir='ltr'>turbatos</span> <span class='ocrx_word' id='word_1_223' title='bbox 1353 1580 1521 1614; x_wconf 89' lang='lat' dir='ltr'>spernere,</span> 
     </span>
     <span class='ocr_line' id='line_1_61' title="bbox 969 1620 1521 1663; baseline 0.002 -9"><span class='ocrx_word' id='word_1_224' title='bbox 969 1621 1033 1655; x_wconf 92' lang='lat' dir='ltr'>Pro</span> <span class='ocrx_word' id='word_1_225' title='bbox 1048 1621 1156 1654; x_wconf 84' lang='lat' dir='ltr'>salute</span> <span class='ocrx_word' id='word_1_226' title='bbox 1167 1620 1223 1663; x_wconf 84' lang='lat' dir='ltr'>qui</span> <span class='ocrx_word' id='word_1_227' title='bbox 1237 1621 1281 1654; x_wconf 84' lang='lat' dir='ltr'>ad</span> <span class='ocrx_word' id='word_1_228' title='bbox 1293 1623 1326 1654; x_wconf 82' lang='lat' dir='ltr'>te</span> <span class='ocrx_word' id='word_1_229' title='bbox 1340 1621 1521 1655; x_wconf 83' lang='lat' dir='ltr'>clamitant.</span> 
     </span>
    </p>
   </div>
   <div class='ocr_carea' id='block_1_18' title="bbox 872 1719 1524 1762">
    <p class='ocr_par' dir='ltr' id='par_1_19' title="bbox 872 1719 1524 1762">
     <span class='ocr_line' id='line_1_62' title="bbox 872 1719 1524 1762; baseline 0.002 -9"><span class='ocrx_word' id='word_1_230' title='bbox 872 1721 953 1754; x_wconf 84' lang='lat'>108.</span> <span class='ocrx_word' id='word_1_231' title='bbox 969 1721 1052 1761; x_wconf 77' lang='lat' dir='ltr'>Ave,</span> <span class='ocrx_word' id='word_1_232' title='bbox 1079 1729 1175 1762; x_wconf 80' lang='lat' dir='ltr'>quem</span> <span class='ocrx_word' id='word_1_233' title='bbox 1198 1719 1307 1754; x_wconf 79' lang='lat' dir='ltr'>ferina</span> <span class='ocrx_word' id='word_1_234' title='bbox 1322 1721 1524 1762; x_wconf 78' lang='lat' dir='ltr'>protervitas</span> 
     </span>
    </p>
   </div>
   <div class='ocr_carea' id='block_1_19' title="bbox 969 1769 1522 1959">
    <p class='ocr_par' dir='ltr' id='par_1_20' title="bbox 969 1769 1522 1903">
     <span class='ocr_line' id='line_1_63' title="bbox 970 1769 1522 1812; baseline 0.002 -10"><span class='ocrx_word' id='word_1_235' title='bbox 970 1769 1163 1812; x_wconf 80' lang='lat' dir='ltr'>Synagogae</span> <span class='ocrx_word' id='word_1_236' title='bbox 1187 1770 1314 1812; x_wconf 83' lang='lat' dir='ltr'>sprevit</span> <span class='ocrx_word' id='word_1_237' title='bbox 1331 1770 1522 1812; x_wconf 89' lang='lat' dir='ltr'>mulimode,</span> 
     </span>
     <span class='ocr_line' id='line_1_64' title="bbox 969 1818 1522 1861; baseline 0 -9"><span class='ocrx_word' id='word_1_238' title='bbox 969 1818 1115 1860; x_wconf 84' lang='lat' dir='ltr'>Linguas</span> <span class='ocrx_word' id='word_1_239' title='bbox 1138 1822 1194 1852; x_wconf 81' lang='lat' dir='ltr'>tua</span> <span class='ocrx_word' id='word_1_240' title='bbox 1212 1823 1400 1861; x_wconf 77' lang='lat' dir='ltr'>compescat</span> <span class='ocrx_word' id='word_1_241' title='bbox 1415 1820 1522 1861; x_wconf 84' lang='lat' dir='ltr'>pietas</span> 
     </span>
     <span class='ocr_line' id='line_1_65' title="bbox 973 1867 1233 1903; baseline 0 -2"><span class='ocrx_word' id='word_1_242' title='bbox 973 1867 1094 1901; x_wconf 83' lang='lat' dir='ltr'>Contra</span> <span class='ocrx_word' id='word_1_243' title='bbox 1120 1877 1233 1903; x_wconf 87' lang='lat' dir='ltr'>servos</span> 
     </span>
    </p>

    <p class='ocr_par' dir='ltr' id='par_1_21' title="bbox 1020 1918 1344 1959">
     <span class='ocr_line' id='line_1_66' title="bbox 1020 1918 1344 1959; baseline 0.006 -9"><span class='ocrx_word' id='word_1_244' title='bbox 1020 1919 1181 1951; x_wconf 80' lang='lat' dir='ltr'>latrantes</span> <span class='ocrx_word' id='word_1_245' title='bbox 1206 1918 1344 1959; x_wconf 88' lang='lat' dir='ltr'>perfide.</span> 
     </span>
    </p>
   </div>
   <div class='ocr_carea' id='block_1_20' title="bbox 874 2018 1522 2259">
    <p class='ocr_par' dir='ltr' id='par_1_22' title="bbox 874 2018 1522 2259">
     <span class='ocr_line' id='line_1_67' title="bbox 874 2018 1170 2058; baseline 0 -8"><span class='ocrx_word' id='word_1_246' title='bbox 874 2018 960 2051; x_wconf 85' lang='lat'>109.</span> <span class='ocrx_word' id='word_1_247' title='bbox 975 2018 1058 2056; x_wconf 85' lang='lat' dir='ltr'>Ave,</span> <span class='ocrx_word' id='word_1_248' title='bbox 1085 2018 1170 2058; x_wconf 87' lang='lat' dir='ltr'>Iesu,</span> 
     </span>
     <span class='ocr_line' id='line_1_68' title="bbox 1044 2068 1431 2109; baseline 0.008 -10"><span class='ocrx_word' id='word_1_249' title='bbox 1044 2076 1205 2100; x_wconf 83' lang='lat' dir='ltr'>summum</span> <span class='ocrx_word' id='word_1_250' title='bbox 1231 2068 1431 2109; x_wconf 75' lang='lat' dir='ltr'>principium</span> 
     </span>
     <span class='ocr_line' id='line_1_69' title="bbox 972 2115 1522 2161; baseline 0.004 -12"><span class='ocrx_word' id='word_1_251' title='bbox 972 2115 1098 2149; x_wconf 81' lang='lat' dir='ltr'>Cuncta</span> <span class='ocrx_word' id='word_1_252' title='bbox 1111 2117 1208 2150; x_wconf 91' lang='lat' dir='ltr'>simul</span> <span class='ocrx_word' id='word_1_253' title='bbox 1225 2126 1340 2151; x_wconf 81' lang='lat' dir='ltr'>creans</span> <span class='ocrx_word' id='word_1_254' title='bbox 1357 2128 1396 2152; x_wconf 78' lang='lat' dir='ltr'>ex</span> <span class='ocrx_word' id='word_1_255' title='bbox 1405 2118 1522 2161; x_wconf 82' lang='lat' dir='ltr'>nihilo,</span> 
     </span>
     <span class='ocr_line' id='line_1_70' title="bbox 972 2166 1522 2203; baseline 0.004 -3"><span class='ocrx_word' id='word_1_256' title='bbox 972 2166 1050 2200; x_wconf 87' lang='lat' dir='ltr'>Cum</span> <span class='ocrx_word' id='word_1_257' title='bbox 1071 2170 1251 2200; x_wconf 83' lang='lat' dir='ltr'>extremum</span> <span class='ocrx_word' id='word_1_258' title='bbox 1271 2167 1335 2201; x_wconf 79' lang='lat' dir='ltr'>erit</span> <span class='ocrx_word' id='word_1_259' title='bbox 1351 2168 1522 2203; x_wconf 66' lang='lat' dir='ltr'>iudicium,</span> 
     </span>
     <span class='ocr_line' id='line_1_71' title="bbox 972 2215 1474 2259; baseline 0.008 -11"><span class='ocrx_word' id='word_1_260' title='bbox 972 2215 1076 2257; x_wconf 86' lang='lat' dir='ltr'>Opem</span> <span class='ocrx_word' id='word_1_261' title='bbox 1102 2219 1157 2249; x_wconf 84' lang='lat' dir='ltr'>tuo</span> <span class='ocrx_word' id='word_1_262' title='bbox 1184 2216 1307 2259; x_wconf 84' lang='lat' dir='ltr'>largire</span> <span class='ocrx_word' id='word_1_263' title='bbox 1332 2218 1474 2252; x_wconf 87' lang='lat' dir='ltr'>servulo.</span> 
     </span>
    </p>
   </div>
   <div class='ocr_carea' id='block_1_21' title="bbox 875 2314 1523 2599">
    <p class='ocr_par' dir='ltr' id='par_1_23' title="bbox 875 2314 1523 2509">
     <span class='ocr_line' id='line_1_72' title="bbox 875 2314 1523 2360; baseline 0.002 -12"><span class='ocrx_word' id='word_1_264' title='bbox 875 2314 956 2351; x_wconf 85' lang='lat'>110.</span> <span class='ocrx_word' id='word_1_265' title='bbox 971 2316 1056 2359; x_wconf 83' lang='lat' dir='ltr'>Ave,</span> <span class='ocrx_word' id='word_1_266' title='bbox 1082 2316 1168 2357; x_wconf 86' lang='lat' dir='ltr'>Iesu,</span> <span class='ocrx_word' id='word_1_267' title='bbox 1196 2320 1309 2350; x_wconf 82' lang='lat' dir='ltr'>nostra</span> <span class='ocrx_word' id='word_1_268' title='bbox 1325 2316 1523 2360; x_wconf 85' lang='lat' dir='ltr'>redemptio,</span> 
     </span>
     <span class='ocr_line' id='line_1_73' title="bbox 971 2365 1520 2410; baseline 0 -12"><span class='ocrx_word' id='word_1_269' title='bbox 971 2365 1070 2399; x_wconf 83' lang='lat' dir='ltr'>Pater</span> <span class='ocrx_word' id='word_1_270' title='bbox 1082 2365 1174 2398; x_wconf 79' lang='lat' dir='ltr'>misit</span> <span class='ocrx_word' id='word_1_271' title='bbox 1187 2375 1282 2408; x_wconf 84' lang='lat' dir='ltr'>quem</span> <span class='ocrx_word' id='word_1_272' title='bbox 1296 2366 1364 2399; x_wconf 83' lang='lat' dir='ltr'>suis</span> <span class='ocrx_word' id='word_1_273' title='bbox 1379 2366 1520 2410; x_wconf 87' lang='lat' dir='ltr'>populis,</span> 
     </span>
     <span class='ocr_line' id='line_1_74' title="bbox 968 2415 1521 2458; baseline 0 -10"><span class='ocrx_word' id='word_1_274' title='bbox 968 2415 1095 2457; x_wconf 81' lang='lat' dir='ltr'>Mente,</span> <span class='ocrx_word' id='word_1_275' title='bbox 1122 2424 1223 2450; x_wconf 80' lang='lat' dir='ltr'>earne</span> <span class='ocrx_word' id='word_1_276' title='bbox 1240 2425 1368 2458; x_wconf 81' lang='lat' dir='ltr'>quoque</span> <span class='ocrx_word' id='word_1_277' title='bbox 1390 2415 1521 2456; x_wconf 71' lang='lat' dir='ltr'>deficio,</span> 
     </span>
     <span class='ocr_line' id='line_1_75' title="bbox 970 2465 1256 2509; baseline 0.007 -12"><span class='ocrx_word' id='word_1_278' title='bbox 970 2465 1067 2498; x_wconf 82' lang='lat' dir='ltr'>Nunc</span> <span class='ocrx_word' id='word_1_279' title='bbox 1092 2473 1256 2509; x_wconf 85' lang='lat' dir='ltr'>succurre,</span> 
     </span>
    </p>

    <p class='ocr_par' dir='ltr' id='par_1_24' title="bbox 1044 2514 1365 2599">
     <span class='ocr_line' id='line_1_76' title="bbox 1044 2514 1365 2560; baseline 0.003 -13"><span class='ocrx_word' id='word_1_280' title='bbox 1044 2524 1175 2560; x_wconf 77' lang='lat' dir='ltr'>quaeso,</span> <span class='ocrx_word' id='word_1_281' title='bbox 1202 2514 1365 2548; x_wconf 83' lang='lat' dir='ltr'>amabilis.</span> 
     </span>
     <span class='ocr_line' id='line_1_77' title="bbox 1289 2568 1330 2599; baseline 0 -13"><span class='ocrx_word' id='word_1_282' title='bbox 1289 2568 1330 2599; x_wconf 83' lang='lat'>9*</span> 
     </span>
    </p>
   </div>
  </div>
 </body>
</html>
