<?xml version="1.0" encoding="UTF-8"?>
<!DOCTYPE html PUBLIC "-//W3C//DTD XHTML 1.0 Transitional//EN"
    "http://www.w3.org/TR/xhtml1/DTD/xhtml1-transitional.dtd">
<html xmlns="http://www.w3.org/1999/xhtml" xml:lang="en" lang="en">
 <head>
  <title>
</title>
<meta http-equiv="Content-Type" content="text/html;charset=utf-8" />
  <meta name='ocr-system' content='tesseract 3.04.00' />
  <meta name='ocr-capabilities' content='ocr_page ocr_carea ocr_par ocr_line ocrx_word'/>
</head>
<body>
  <div class='ocr_page' id='page_1' title='image "./analectahymnica38drevuoft_00181.png"; bbox 0 0 1650 2671; ppageno 0'>
   <div class='ocr_carea' id='block_1_1' title="bbox 694 147 955 183">
    <p class='ocr_par' dir='ltr' id='par_1_1' title="bbox 694 147 955 183">
     <span class='ocr_line' id='line_1_1' title="bbox 694 147 955 183; baseline -0.011 0"><span class='ocrx_word' id='word_1_1' title='bbox 694 147 955 183; x_wconf 76' lang='lat'>-178—</span> 
     </span>
    </p>
   </div>
   <div class='ocr_carea' id='block_1_2' title="bbox 158 245 761 433">
    <p class='ocr_par' dir='ltr' id='par_1_2' title="bbox 158 245 761 433">
     <span class='ocr_line' id='line_1_2' title="bbox 158 245 740 288; baseline -0.005 -8"><span class='ocrx_word' id='word_1_2' title='bbox 158 247 245 281; x_wconf 91' lang='lat'>125.</span> <span class='ocrx_word' id='word_1_3' title='bbox 260 247 343 287; x_wconf 88' lang='lat' dir='ltr'>Ave,</span> <span class='ocrx_word' id='word_1_4' title='bbox 371 246 515 288; x_wconf 85' lang='lat' dir='ltr'>gaudens</span> <span class='ocrx_word' id='word_1_5' title='bbox 541 245 740 286; x_wconf 82' lang='lat' dir='ltr'>perenniter,</span> 
     </span>
     <span class='ocr_line' id='line_1_3' title="bbox 263 294 709 337; baseline 0 -10"><span class='ocrx_word' id='word_1_6' title='bbox 263 295 363 335; x_wconf 79' lang='lat' dir='ltr'>Quam</span> <span class='ocrx_word' id='word_1_7' title='bbox 391 305 463 328; x_wconf 90' lang='lat' dir='ltr'>amo</span> <span class='ocrx_word' id='word_1_8' title='bbox 489 294 709 337; x_wconf 84' lang='lat' dir='ltr'>singulariter,</span> 
     </span>
     <span class='ocr_line' id='line_1_4' title="bbox 256 343 643 385; baseline -0.005 -8"><span class='ocrx_word' id='word_1_9' title='bbox 256 344 314 377; x_wconf 85' lang='lat' dir='ltr'>Me</span> <span class='ocrx_word' id='word_1_10' title='bbox 339 344 509 377; x_wconf 87' lang='lat' dir='ltr'>consolare</span> <span class='ocrx_word' id='word_1_11' title='bbox 532 343 643 385; x_wconf 88' lang='lat' dir='ltr'>igitur,</span> 
     </span>
     <span class='ocr_line' id='line_1_5' title="bbox 257 390 761 433; baseline 0 -8"><span class='ocrx_word' id='word_1_12' title='bbox 257 392 343 425; x_wconf 86' lang='lat' dir='ltr'>Nam</span> <span class='ocrx_word' id='word_1_13' title='bbox 371 402 427 426; x_wconf 88' lang='lat' dir='ltr'>cor</span> <span class='ocrx_word' id='word_1_14' title='bbox 451 401 558 424; x_wconf 88' lang='lat' dir='ltr'>meum</span> <span class='ocrx_word' id='word_1_15' title='bbox 584 390 761 433; x_wconf 75' lang='lat' dir='ltr'>adfligitur,</span> 
     </span>
    </p>
   </div>
   <div class='ocr_carea' id='block_1_3' title="bbox 159 480 721 661">
    <p class='ocr_par' dir='ltr' id='par_1_3' title="bbox 159 480 721 661">
     <span class='ocr_line' id='line_1_6' title="bbox 159 480 648 525; baseline -0.004 -10"><span class='ocrx_word' id='word_1_16' title='bbox 159 482 240 515; x_wconf 91' lang='lat'>126.</span> <span class='ocrx_word' id='word_1_17' title='bbox 254 482 336 525; x_wconf 86' lang='lat' dir='ltr'>Ave,</span> <span class='ocrx_word' id='word_1_18' title='bbox 365 482 478 515; x_wconf 90' lang='lat' dir='ltr'>domus</span> <span class='ocrx_word' id='word_1_19' title='bbox 505 480 648 513; x_wconf 86' lang='lat' dir='ltr'>eburnea</span> 
     </span>
     <span class='ocr_line' id='line_1_7' title="bbox 258 530 704 573; baseline -0.002 -11"><span class='ocrx_word' id='word_1_20' title='bbox 258 530 356 563; x_wconf 88' lang='lat' dir='ltr'>Turri</span> <span class='ocrx_word' id='word_1_21' title='bbox 381 533 572 571; x_wconf 79' lang='lat' dir='ltr'>praecincta</span> <span class='ocrx_word' id='word_1_22' title='bbox 596 538 704 573; x_wconf 89' lang='lat' dir='ltr'>aurea,</span> 
     </span>
     <span class='ocr_line' id='line_1_8' title="bbox 254 577 721 619; baseline -0.006 -7"><span class='ocrx_word' id='word_1_23' title='bbox 254 578 312 612; x_wconf 89' lang='lat' dir='ltr'>Me</span> <span class='ocrx_word' id='word_1_24' title='bbox 336 577 391 612; x_wconf 83' lang='lat' dir='ltr'>fac</span> <span class='ocrx_word' id='word_1_25' title='bbox 415 580 450 611; x_wconf 89' lang='lat' dir='ltr'>in</span> <span class='ocrx_word' id='word_1_26' title='bbox 473 579 567 611; x_wconf 90' lang='lat' dir='ltr'>bonis</span> <span class='ocrx_word' id='word_1_27' title='bbox 591 578 721 619; x_wconf 88' lang='lat' dir='ltr'>vigilem</span> 
     </span>
     <span class='ocr_line' id='line_1_9' title="bbox 251 627 666 661; baseline 0.002 -1"><span class='ocrx_word' id='word_1_28' title='bbox 251 627 297 660; x_wconf 78' lang='lat' dir='ltr'>Et</span> <span class='ocrx_word' id='word_1_29' title='bbox 321 627 408 661; x_wconf 83' lang='lat' dir='ltr'>hosti</span> <span class='ocrx_word' id='word_1_30' title='bbox 433 627 666 661; x_wconf 79' lang='lat' dir='ltr'>invincibilem.</span> 
     </span>
    </p>
   </div>
   <div class='ocr_carea' id='block_1_4' title="bbox 156 716 681 897">
    <p class='ocr_par' dir='ltr' id='par_1_4' title="bbox 156 716 681 897">
     <span class='ocr_line' id='line_1_10' title="bbox 156 716 628 759; baseline -0.006 -8"><span class='ocrx_word' id='word_1_31' title='bbox 156 717 238 750; x_wconf 84' lang='lat'>127.</span> <span class='ocrx_word' id='word_1_32' title='bbox 254 717 336 757; x_wconf 85' lang='lat' dir='ltr'>Ave,</span> <span class='ocrx_word' id='word_1_33' title='bbox 364 717 451 759; x_wconf 91' lang='lat' dir='ltr'>regis</span> <span class='ocrx_word' id='word_1_34' title='bbox 478 716 628 749; x_wconf 84' lang='lat' dir='ltr'>altissimi</span> 
     </span>
     <span class='ocr_line' id='line_1_11' title="bbox 261 764 667 808; baseline -0.005 -10"><span class='ocrx_word' id='word_1_35' title='bbox 261 764 376 798; x_wconf 86' lang='lat' dir='ltr'>Ornati</span> <span class='ocrx_word' id='word_1_36' title='bbox 399 766 494 806; x_wconf 86' lang='lat' dir='ltr'>virga</span> <span class='ocrx_word' id='word_1_37' title='bbox 518 765 667 808; x_wconf 88' lang='lat' dir='ltr'>balsami,</span> 
     </span>
     <span class='ocr_line' id='line_1_12' title="bbox 255 814 647 856; baseline -0.003 -9"><span class='ocrx_word' id='word_1_38' title='bbox 255 814 426 847; x_wconf 84' lang='lat' dir='ltr'>Ecclesiae</span> <span class='ocrx_word' id='word_1_39' title='bbox 448 814 647 856; x_wconf 86' lang='lat' dir='ltr'>primoribus</span> 
     </span>
     <span class='ocr_line' id='line_1_13' title="bbox 258 863 681 897; baseline -0.002 -1"><span class='ocrx_word' id='word_1_40' title='bbox 258 863 419 897; x_wconf 88' lang='lat' dir='ltr'>Succurre</span> <span class='ocrx_word' id='word_1_41' title='bbox 443 864 478 896; x_wconf 91' lang='lat' dir='ltr'>in</span> <span class='ocrx_word' id='word_1_42' title='bbox 503 863 681 896; x_wconf 85' lang='lat' dir='ltr'>laboribus.</span> 
     </span>
    </p>
   </div>
   <div class='ocr_carea' id='block_1_5' title="bbox 163 952 743 1140">
    <p class='ocr_par' dir='ltr' id='par_1_5' title="bbox 163 952 743 1140">
     <span class='ocr_line' id='line_1_14' title="bbox 163 952 636 993; baseline -0.002 -8"><span class='ocrx_word' id='word_1_43' title='bbox 163 952 244 988; x_wconf 88' lang='lat'>128.</span> <span class='ocrx_word' id='word_1_44' title='bbox 258 952 342 993; x_wconf 88' lang='lat' dir='ltr'>Ave,</span> <span class='ocrx_word' id='word_1_45' title='bbox 369 952 468 985; x_wconf 89' lang='lat' dir='ltr'>arbor</span> <span class='ocrx_word' id='word_1_46' title='bbox 491 952 636 984; x_wconf 88' lang='lat' dir='ltr'>iustitiae</span> 
     </span>
     <span class='ocr_line' id='line_1_15' title="bbox 258 1000 743 1043; baseline 0 -10"><span class='ocrx_word' id='word_1_47' title='bbox 258 1000 388 1033; x_wconf 83' lang='lat' dir='ltr'>Florem</span> <span class='ocrx_word' id='word_1_48' title='bbox 416 1000 525 1033; x_wconf 83' lang='lat' dir='ltr'>ferens</span> <span class='ocrx_word' id='word_1_49' title='bbox 552 1004 585 1032; x_wconf 85' lang='lat' dir='ltr'>et</span> <span class='ocrx_word' id='word_1_50' title='bbox 609 1001 743 1043; x_wconf 86' lang='lat' dir='ltr'>gratiae,</span> 
     </span>
     <span class='ocr_line' id='line_1_16' title="bbox 258 1049 723 1091; baseline 0 -9"><span class='ocrx_word' id='word_1_51' title='bbox 258 1049 325 1082; x_wconf 81' lang='lat' dir='ltr'>Nos</span> <span class='ocrx_word' id='word_1_52' title='bbox 352 1054 533 1091; x_wconf 85' lang='lat' dir='ltr'>pugnantes</span> <span class='ocrx_word' id='word_1_53' title='bbox 557 1050 590 1082; x_wconf 95' lang='lat' dir='ltr'>in</span> <span class='ocrx_word' id='word_1_54' title='bbox 617 1049 723 1082; x_wconf 89' lang='lat' dir='ltr'>stadio</span> 
     </span>
     <span class='ocr_line' id='line_1_17' title="bbox 257 1098 718 1140; baseline 0.002 -10"><span class='ocrx_word' id='word_1_55' title='bbox 257 1098 370 1131; x_wconf 81' lang='lat' dir='ltr'>Crucis</span> <span class='ocrx_word' id='word_1_56' title='bbox 394 1099 571 1140; x_wconf 84' lang='lat' dir='ltr'>praecinge</span> <span class='ocrx_word' id='word_1_57' title='bbox 596 1099 718 1139; x_wconf 84' lang='lat' dir='ltr'>gladio.</span> 
     </span>
    </p>
   </div>
   <div class='ocr_carea' id='block_1_6' title="bbox 158 1187 733 1366">
    <p class='ocr_par' dir='ltr' id='par_1_6' title="bbox 158 1187 733 1366">
     <span class='ocr_line' id='line_1_18' title="bbox 158 1187 733 1228; baseline -0.003 -8"><span class='ocrx_word' id='word_1_58' title='bbox 158 1188 239 1220; x_wconf 76' lang='lat'>129.</span> <span class='ocrx_word' id='word_1_59' title='bbox 254 1188 336 1226; x_wconf 89' lang='lat' dir='ltr'>Ave,</span> <span class='ocrx_word' id='word_1_60' title='bbox 362 1188 518 1228; x_wconf 84' lang='lat' dir='ltr'>ternplum</span> <span class='ocrx_word' id='word_1_61' title='bbox 544 1187 733 1228; x_wconf 84' lang='lat' dir='ltr'>munditiae,</span> 
     </span>
     <span class='ocr_line' id='line_1_19' title="bbox 258 1235 657 1277; baseline -0.005 -8"><span class='ocrx_word' id='word_1_62' title='bbox 258 1235 381 1269; x_wconf 84' lang='lat' dir='ltr'>Carens</span> <span class='ocrx_word' id='word_1_63' title='bbox 407 1237 535 1277; x_wconf 88' lang='lat' dir='ltr'>peccati</span> <span class='ocrx_word' id='word_1_64' title='bbox 560 1245 657 1277; x_wconf 76' lang='lat' dir='ltr'>carie,</span> 
     </span>
     <span class='ocr_line' id='line_1_20' title="bbox 255 1284 706 1326; baseline -0.002 -9"><span class='ocrx_word' id='word_1_65' title='bbox 255 1285 372 1317; x_wconf 85' lang='lat' dir='ltr'>Redde</span> <span class='ocrx_word' id='word_1_66' title='bbox 396 1294 448 1317; x_wconf 89' lang='lat' dir='ltr'>me</span> <span class='ocrx_word' id='word_1_67' title='bbox 473 1289 599 1326; x_wconf 85' lang='lat' dir='ltr'>gratum</span> <span class='ocrx_word' id='word_1_68' title='bbox 625 1284 706 1325; x_wconf 90' lang='lat' dir='ltr'>filio,</span> 
     </span>
     <span class='ocr_line' id='line_1_21' title="bbox 253 1334 695 1366; baseline -0.002 0"><span class='ocrx_word' id='word_1_69' title='bbox 253 1335 405 1366; x_wconf 87' lang='lat' dir='ltr'>Pressum</span> <span class='ocrx_word' id='word_1_70' title='bbox 431 1335 542 1366; x_wconf 87' lang='lat' dir='ltr'>mundi</span> <span class='ocrx_word' id='word_1_71' title='bbox 570 1334 695 1366; x_wconf 80' lang='lat' dir='ltr'>exsilio.</span> 
     </span>
    </p>
   </div>
   <div class='ocr_carea' id='block_1_7' title="bbox 154 1421 704 1601">
    <p class='ocr_par' dir='ltr' id='par_1_7' title="bbox 154 1421 704 1601">
     <span class='ocr_line' id='line_1_22' title="bbox 154 1421 664 1462; baseline -0.004 -7"><span class='ocrx_word' id='word_1_72' title='bbox 154 1422 333 1462; x_wconf 84' lang='lat' dir='ltr'>130.Ave,</span> <span class='ocrx_word' id='word_1_73' title='bbox 360 1425 510 1455; x_wconf 87' lang='lat' dir='ltr'>matrona</span> <span class='ocrx_word' id='word_1_74' title='bbox 534 1421 664 1462; x_wconf 90' lang='lat' dir='ltr'>nobilis,</span> 
     </span>
     <span class='ocr_line' id='line_1_23' title="bbox 251 1470 668 1503; baseline -0.002 0"><span class='ocrx_word' id='word_1_75' title='bbox 251 1470 370 1503; x_wconf 84' lang='lat' dir='ltr'>Mundi</span> <span class='ocrx_word' id='word_1_76' title='bbox 395 1471 490 1503; x_wconf 90' lang='lat' dir='ltr'>huius</span> <span class='ocrx_word' id='word_1_77' title='bbox 519 1470 668 1503; x_wconf 91' lang='lat' dir='ltr'>volubilis</span> 
     </span>
     <span class='ocr_line' id='line_1_24' title="bbox 254 1518 704 1552; baseline -0.002 0"><span class='ocrx_word' id='word_1_78' title='bbox 254 1518 388 1552; x_wconf 84' lang='lat' dir='ltr'>Caduca</span> <span class='ocrx_word' id='word_1_79' title='bbox 412 1520 546 1552; x_wconf 89' lang='lat' dir='ltr'>vincens</span> <span class='ocrx_word' id='word_1_80' title='bbox 573 1518 704 1552; x_wconf 84' lang='lat' dir='ltr'>fortiter</span> 
     </span>
     <span class='ocr_line' id='line_1_25' title="bbox 252 1567 676 1601; baseline 0 0"><span class='ocrx_word' id='word_1_81' title='bbox 252 1567 414 1601; x_wconf 84' lang='lat' dir='ltr'>Habendo</span> <span class='ocrx_word' id='word_1_82' title='bbox 440 1571 474 1600; x_wconf 90' lang='lat' dir='ltr'>te</span> <span class='ocrx_word' id='word_1_83' title='bbox 498 1568 676 1601; x_wconf 88' lang='lat' dir='ltr'>humiliter.</span> 
     </span>
    </p>
   </div>
   <div class='ocr_carea' id='block_1_8' title="bbox 162 1656 790 1844">
    <p class='ocr_par' dir='ltr' id='par_1_8' title="bbox 162 1656 790 1844">
     <span class='ocr_line' id='line_1_26' title="bbox 162 1656 634 1697; baseline -0.006 -6"><span class='ocrx_word' id='word_1_84' title='bbox 162 1657 339 1697; x_wconf 84' lang='lat' dir='ltr'>131.Ave‚</span> <span class='ocrx_word' id='word_1_85' title='bbox 366 1657 458 1697; x_wconf 87' lang='lat' dir='ltr'>virgo</span> <span class='ocrx_word' id='word_1_86' title='bbox 485 1656 634 1697; x_wconf 88' lang='lat' dir='ltr'>Iesseica,</span> 
     </span>
     <span class='ocr_line' id='line_1_27' title="bbox 253 1704 625 1738; baseline -0.003 0"><span class='ocrx_word' id='word_1_87' title='bbox 253 1704 367 1738; x_wconf 87' lang='lat' dir='ltr'>Infusa</span> <span class='ocrx_word' id='word_1_88' title='bbox 392 1705 482 1738; x_wconf 88' lang='lat' dir='ltr'>unda</span> <span class='ocrx_word' id='word_1_89' title='bbox 503 1705 625 1738; x_wconf 89' lang='lat' dir='ltr'>caelica</span> 
     </span>
     <span class='ocr_line' id='line_1_28' title="bbox 257 1752 780 1798; baseline 0 -11"><span class='ocrx_word' id='word_1_90' title='bbox 257 1754 311 1787; x_wconf 89' lang='lat' dir='ltr'>Ad</span> <span class='ocrx_word' id='word_1_91' title='bbox 330 1754 576 1794; x_wconf 89' lang='lat' dir='ltr'>germinandum</span> <span class='ocrx_word' id='word_1_92' title='bbox 599 1752 780 1798; x_wconf 88' lang='lat' dir='ltr'>flosculum,</span> 
     </span>
     <span class='ocr_line' id='line_1_29' title="bbox 254 1803 790 1844; baseline 0.006 -9"><span class='ocrx_word' id='word_1_93' title='bbox 254 1803 315 1844; x_wconf 78' lang='lat' dir='ltr'>Qui</span> <span class='ocrx_word' id='word_1_94' title='bbox 340 1804 445 1837; x_wconf 85' lang='lat' dir='ltr'>salvet</span> <span class='ocrx_word' id='word_1_95' title='bbox 471 1813 530 1836; x_wconf 90' lang='lat' dir='ltr'>nos</span> <span class='ocrx_word' id='word_1_96' title='bbox 556 1804 589 1835; x_wconf 92' lang='lat' dir='ltr'>in</span> <span class='ocrx_word' id='word_1_97' title='bbox 615 1803 790 1838; x_wconf 89' lang='lat' dir='ltr'>saeculum.</span> 
     </span>
    </p>
   </div>
   <div class='ocr_carea' id='block_1_9' title="bbox 156 1893 794 2072">
    <p class='ocr_par' dir='ltr' id='par_1_9' title="bbox 156 1893 794 2072">
     <span class='ocr_line' id='line_1_30' title="bbox 156 1893 652 1933; baseline -0.006 -7"><span class='ocrx_word' id='word_1_98' title='bbox 156 1893 239 1928; x_wconf 86' lang='lat'>132.</span> <span class='ocrx_word' id='word_1_99' title='bbox 254 1893 336 1933; x_wconf 87' lang='lat' dir='ltr'>Ave,</span> <span class='ocrx_word' id='word_1_100' title='bbox 366 1893 448 1925; x_wconf 91' lang='lat' dir='ltr'>cella</span> <span class='ocrx_word' id='word_1_101' title='bbox 473 1895 652 1924; x_wconf 88' lang='lat' dir='ltr'>aromatum</span> 
     </span>
     <span class='ocr_line' id='line_1_31' title="bbox 254 1941 794 1983; baseline 0 -9"><span class='ocrx_word' id='word_1_102' title='bbox 254 1942 393 1982; x_wconf 82' lang='lat' dir='ltr'>Unguen</span> <span class='ocrx_word' id='word_1_103' title='bbox 407 1942 537 1983; x_wconf 90' lang='lat' dir='ltr'>spirans</span> <span class='ocrx_word' id='word_1_104' title='bbox 553 1941 794 1983; x_wconf 83' lang='lat' dir='ltr'>charismatum,</span> 
     </span>
     <span class='ocr_line' id='line_1_32' title="bbox 251 1990 629 2032; baseline -0.003 -9"><span class='ocrx_word' id='word_1_105' title='bbox 251 1990 383 2023; x_wconf 88' lang='lat' dir='ltr'>Amoris</span> <span class='ocrx_word' id='word_1_106' title='bbox 408 1991 474 2032; x_wconf 89' lang='lat' dir='ltr'>liga</span> <span class='ocrx_word' id='word_1_107' title='bbox 497 1990 629 2022; x_wconf 87' lang='lat' dir='ltr'>vinculo</span> 
     </span>
     <span class='ocr_line' id='line_1_33' title="bbox 251 2038 691 2072; baseline 0.002 -2"><span class='ocrx_word' id='word_1_108' title='bbox 251 2038 403 2072; x_wconf 85' lang='lat' dir='ltr'>Dissutos</span> <span class='ocrx_word' id='word_1_109' title='bbox 428 2041 499 2072; x_wconf 86' lang='lat' dir='ltr'>irae</span> <span class='ocrx_word' id='word_1_110' title='bbox 524 2039 691 2072; x_wconf 83' lang='lat' dir='ltr'>scandalo.</span> 
     </span>
    </p>
   </div>
   <div class='ocr_carea' id='block_1_10' title="bbox 156 2123 781 2311">
    <p class='ocr_par' dir='ltr' id='par_1_10' title="bbox 156 2123 781 2311">
     <span class='ocr_line' id='line_1_34' title="bbox 156 2123 692 2165; baseline -0.004 -7"><span class='ocrx_word' id='word_1_111' title='bbox 156 2124 238 2157; x_wconf 82' lang='lat'>133.</span> <span class='ocrx_word' id='word_1_112' title='bbox 252 2124 334 2164; x_wconf 85' lang='lat' dir='ltr'>Ave,</span> <span class='ocrx_word' id='word_1_113' title='bbox 362 2132 445 2164; x_wconf 91' lang='lat' dir='ltr'>quae</span> <span class='ocrx_word' id='word_1_114' title='bbox 474 2123 554 2155; x_wconf 88' lang='lat' dir='ltr'>caeli</span> <span class='ocrx_word' id='word_1_115' title='bbox 582 2124 692 2165; x_wconf 88' lang='lat' dir='ltr'>patria</span> 
     </span>
     <span class='ocr_line' id='line_1_35' title="bbox 252 2171 685 2213; baseline 0.005 -10"><span class='ocrx_word' id='word_1_116' title='bbox 252 2171 383 2204; x_wconf 82' lang='lat' dir='ltr'>Summa</span> <span class='ocrx_word' id='word_1_117' title='bbox 407 2172 542 2205; x_wconf 88' lang='lat' dir='ltr'>intrasti</span> <span class='ocrx_word' id='word_1_118' title='bbox 570 2172 685 2213; x_wconf 89' lang='lat' dir='ltr'>gloria,</span> 
     </span>
     <span class='ocr_line' id='line_1_36' title="bbox 252 2220 693 2253; baseline 0.002 -1"><span class='ocrx_word' id='word_1_119' title='bbox 252 2220 331 2253; x_wconf 88' lang='lat' dir='ltr'>Tuis</span> <span class='ocrx_word' id='word_1_120' title='bbox 358 2224 519 2253; x_wconf 85' lang='lat' dir='ltr'>astantem</span> <span class='ocrx_word' id='word_1_121' title='bbox 548 2221 693 2253; x_wconf 87' lang='lat' dir='ltr'>crebrius</span> 
     </span>
     <span class='ocr_line' id='line_1_37' title="bbox 252 2269 781 2311; baseline 0.009 -10"><span class='ocrx_word' id='word_1_122' title='bbox 252 2270 408 2311; x_wconf 86' lang='lat' dir='ltr'>Attende‚</span> <span class='ocrx_word' id='word_1_123' title='bbox 434 2270 586 2311; x_wconf 87' lang='lat' dir='ltr'>clemens,</span> <span class='ocrx_word' id='word_1_124' title='bbox 615 2269 781 2306; x_wconf 84' lang='lat' dir='ltr'>laudibus,</span> 
     </span>
    </p>
   </div>
   <div class='ocr_carea' id='block_1_11' title="bbox 158 2351 770 2543">
    <p class='ocr_par' dir='ltr' id='par_1_11' title="bbox 158 2351 770 2543">
     <span class='ocr_line' id='line_1_38' title="bbox 158 2351 700 2397; baseline -0.009 -8"><span class='ocrx_word' id='word_1_125' title='bbox 158 2356 239 2389; x_wconf 85' lang='lat'>134.</span> <span class='ocrx_word' id='word_1_126' title='bbox 253 2353 335 2397; x_wconf 83' lang='lat' dir='ltr'>Ave,</span> <span class='ocrx_word' id='word_1_127' title='bbox 363 2353 465 2386; x_wconf 88' lang='lat' dir='ltr'>nubes</span> <span class='ocrx_word' id='word_1_128' title='bbox 490 2351 700 2386; x_wconf 80' lang='lat' dir='ltr'>fructiferum</span> 
     </span>
     <span class='ocr_line' id='line_1_39' title="bbox 254 2401 770 2444; baseline -0.002 -8"><span class='ocrx_word' id='word_1_129' title='bbox 254 2402 363 2436; x_wconf 84' lang='lat' dir='ltr'>Solum</span> <span class='ocrx_word' id='word_1_130' title='bbox 389 2403 532 2435; x_wconf 88' lang='lat' dir='ltr'>reddens</span> <span class='ocrx_word' id='word_1_131' title='bbox 561 2401 770 2444; x_wconf 86' lang='lat' dir='ltr'>Canopicum,</span> 
     </span>
     <span class='ocr_line' id='line_1_40' title="bbox 254 2451 768 2492; baseline -0.002 -7"><span class='ocrx_word' id='word_1_132' title='bbox 254 2451 390 2492; x_wconf 79' lang='lat' dir='ltr'>Quando</span> <span class='ocrx_word' id='word_1_133' title='bbox 418 2451 565 2486; x_wconf 88' lang='lat' dir='ltr'>Christus</span> <span class='ocrx_word' id='word_1_134' title='bbox 593 2451 768 2484; x_wconf 85' lang='lat' dir='ltr'>simulacra</span> 
     </span>
     <span class='ocr_line' id='line_1_41' title="bbox 254 2500 699 2543; baseline 0.002 -9"><span class='ocrx_word' id='word_1_135' title='bbox 254 2501 370 2543; x_wconf 80' lang='lat' dir='ltr'>Fregit</span> <span class='ocrx_word' id='word_1_136' title='bbox 395 2502 527 2543; x_wconf 89' lang='lat' dir='ltr'>eiusque</span> <span class='ocrx_word' id='word_1_137' title='bbox 554 2500 699 2535; x_wconf 87' lang='lat' dir='ltr'>delubra.</span> 
     </span>
    </p>
   </div>
   <div class='ocr_carea' id='block_1_12' title="bbox 863 245 1499 435">
    <p class='ocr_par' dir='ltr' id='par_1_12' title="bbox 863 245 1499 435">
     <span class='ocr_line' id='line_1_42' title="bbox 863 245 1412 289; baseline -0.004 -10"><span class='ocrx_word' id='word_1_138' title='bbox 863 246 942 279; x_wconf 88' lang='grc'><strong>135.</strong></span> <span class='ocrx_word' id='word_1_139' title='bbox 960 246 1041 289; x_wconf 91' lang='lat' dir='ltr'>Ave,</span> <span class='ocrx_word' id='word_1_140' title='bbox 1069 248 1171 288; x_wconf 85' lang='lat' dir='ltr'>virgo,</span> <span class='ocrx_word' id='word_1_141' title='bbox 1200 256 1263 288; x_wconf 91' lang='lat' dir='ltr'>qua</span> <span class='ocrx_word' id='word_1_142' title='bbox 1289 245 1412 287; x_wconf 87' lang='lat' dir='ltr'>remige</span> 
     </span>
     <span class='ocr_line' id='line_1_43' title="bbox 956 293 1499 338; baseline 0.002 -12"><span class='ocrx_word' id='word_1_143' title='bbox 956 294 1086 328; x_wconf 81' lang='lat' dir='ltr'>Mentes</span> <span class='ocrx_word' id='word_1_144' title='bbox 1117 297 1285 329; x_wconf 88' lang='lat' dir='ltr'>salvantur</span> <span class='ocrx_word' id='word_1_145' title='bbox 1308 293 1499 338; x_wconf 85' lang='lat' dir='ltr'>naufragae,</span> 
     </span>
     <span class='ocr_line' id='line_1_44' title="bbox 956 342 1385 377; baseline 0.005 -2"><span class='ocrx_word' id='word_1_146' title='bbox 956 342 1147 377; x_wconf 86' lang='lat' dir='ltr'>Fluctuanti</span> <span class='ocrx_word' id='word_1_147' title='bbox 1172 346 1204 377; x_wconf 92' lang='lat' dir='ltr'>in</span> <span class='ocrx_word' id='word_1_148' title='bbox 1231 343 1385 377; x_wconf 90' lang='lat' dir='ltr'>fluctibus</span> 
     </span>
     <span class='ocr_line' id='line_1_45' title="bbox 956 391 1412 435; baseline 0.007 -11"><span class='ocrx_word' id='word_1_149' title='bbox 956 391 1042 424; x_wconf 87' lang='lat' dir='ltr'>Mihi</span> <span class='ocrx_word' id='word_1_150' title='bbox 1068 401 1223 426; x_wconf 87' lang='lat' dir='ltr'>succurre</span> <span class='ocrx_word' id='word_1_151' title='bbox 1247 393 1412 435; x_wconf 78' lang='lat' dir='ltr'>precibus.</span> 
     </span>
    </p>
   </div>
   <div class='ocr_carea' id='block_1_13' title="bbox 861 480 1440 660">
    <p class='ocr_par' dir='ltr' id='par_1_13' title="bbox 861 480 1440 660">
     <span class='ocr_line' id='line_1_46' title="bbox 861 480 1426 523; baseline 0 -9"><span class='ocrx_word' id='word_1_152' title='bbox 861 480 941 514; x_wconf 86' lang='lat'>136.</span> <span class='ocrx_word' id='word_1_153' title='bbox 956 481 1039 521; x_wconf 87' lang='lat' dir='ltr'>Ave,</span> <span class='ocrx_word' id='word_1_154' title='bbox 1069 489 1163 522; x_wconf 87' lang='lat' dir='ltr'>quam</span> <span class='ocrx_word' id='word_1_155' title='bbox 1189 483 1279 515; x_wconf 83' lang='lat' dir='ltr'>vocis</span> <span class='ocrx_word' id='word_1_156' title='bbox 1305 491 1426 523; x_wconf 87' lang='lat' dir='ltr'>organo</span> 
     </span>
     <span class='ocr_line' id='line_1_47' title="bbox 956 529 1440 573; baseline 0.002 -12"><span class='ocrx_word' id='word_1_157' title='bbox 956 529 1071 562; x_wconf 88' lang='lat' dir='ltr'>Laudo</span> <span class='ocrx_word' id='word_1_158' title='bbox 1099 531 1263 571; x_wconf 88' lang='lat' dir='ltr'>cordeque</span> <span class='ocrx_word' id='word_1_159' title='bbox 1290 540 1440 573; x_wconf 91' lang='lat' dir='ltr'>consono,</span> 
     </span>
     <span class='ocr_line' id='line_1_48' title="bbox 956 577 1408 611; baseline 0.002 -2"><span class='ocrx_word' id='word_1_160' title='bbox 956 577 1102 610; x_wconf 82' lang='lat' dir='ltr'>Mentem</span> <span class='ocrx_word' id='word_1_161' title='bbox 1127 588 1233 611; x_wconf 90' lang='lat' dir='ltr'>meam</span> <span class='ocrx_word' id='word_1_162' title='bbox 1258 579 1408 611; x_wconf 89' lang='lat' dir='ltr'>illumina</span> 
     </span>
     <span class='ocr_line' id='line_1_49' title="bbox 956 625 1422 660; baseline 0.002 -2"><span class='ocrx_word' id='word_1_163' title='bbox 956 626 1020 658; x_wconf 84' lang='lat' dir='ltr'>Per</span> <span class='ocrx_word' id='word_1_164' title='bbox 1044 627 1251 659; x_wconf 85' lang='lat' dir='ltr'>lacrimarum</span> <span class='ocrx_word' id='word_1_165' title='bbox 1279 625 1422 660; x_wconf 84' lang='lat' dir='ltr'>fiumina.</span> 
     </span>
    </p>
   </div>
   <div class='ocr_carea' id='block_1_14' title="bbox 859 715 1434 904">
    <p class='ocr_par' dir='ltr' id='par_1_14' title="bbox 859 715 1434 904">
     <span class='ocr_line' id='line_1_50' title="bbox 859 715 1347 757; baseline -0.002 -9"><span class='ocrx_word' id='word_1_166' title='bbox 859 715 938 749; x_wconf 67' lang='lat'>15³7.</span> <span class='ocrx_word' id='word_1_167' title='bbox 953 715 1037 757; x_wconf 85' lang='lat' dir='ltr'>Ave,</span> <span class='ocrx_word' id='word_1_168' title='bbox 1065 715 1155 747; x_wconf 85' lang='lat' dir='ltr'>cuius</span> <span class='ocrx_word' id='word_1_169' title='bbox 1179 715 1347 747; x_wconf 80' lang='lat' dir='ltr'>humilitas</span> 
     </span>
     <span class='ocr_line' id='line_1_51' title="bbox 955 764 1391 805; baseline 0.002 -10"><span class='ocrx_word' id='word_1_170' title='bbox 955 764 1065 804; x_wconf 83' lang='lat' dir='ltr'>Atque</span> <span class='ocrx_word' id='word_1_171' title='bbox 1091 765 1198 797; x_wconf 87' lang='lat' dir='ltr'>carnis</span> <span class='ocrx_word' id='word_1_172' title='bbox 1218 765 1391 805; x_wconf 86' lang='lat' dir='ltr'>integritas</span> 
     </span>
     <span class='ocr_line' id='line_1_52' title="bbox 954 812 1353 847; baseline 0.003 -2"><span class='ocrx_word' id='word_1_173' title='bbox 954 812 1060 845; x_wconf 89' lang='lat' dir='ltr'>Deum</span> <span class='ocrx_word' id='word_1_174' title='bbox 1088 814 1128 847; x_wconf 91' lang='lat' dir='ltr'>de</span> <span class='ocrx_word' id='word_1_175' title='bbox 1154 814 1237 846; x_wconf 89' lang='lat' dir='ltr'>caeli</span> <span class='ocrx_word' id='word_1_176' title='bbox 1263 814 1353 846; x_wconf 89' lang='lat' dir='ltr'>curia</span> 
     </span>
     <span class='ocr_line' id='line_1_53' title="bbox 953 862 1434 904; baseline -0.002 -9"><span class='ocrx_word' id='word_1_177' title='bbox 953 862 1071 895; x_wconf 82' lang='lat' dir='ltr'>Traxit</span> <span class='ocrx_word' id='word_1_178' title='bbox 1095 872 1155 904; x_wconf 90' lang='lat' dir='ltr'>pro</span> <span class='ocrx_word' id='word_1_179' title='bbox 1182 865 1295 895; x_wconf 88' lang='lat' dir='ltr'>nostra</span> <span class='ocrx_word' id='word_1_180' title='bbox 1320 862 1434 903; x_wconf 83' lang='lat' dir='ltr'>gloria.</span> 
     </span>
    </p>
   </div>
   <div class='ocr_carea' id='block_1_15' title="bbox 860 951 1430 1139">
    <p class='ocr_par' dir='ltr' id='par_1_15' title="bbox 860 951 1430 1139">
     <span class='ocr_line' id='line_1_54' title="bbox 860 951 1405 994; baseline -0.004 -9"><span class='ocrx_word' id='word_1_181' title='bbox 860 952 940 985; x_wconf 88' lang='lat'>138.</span> <span class='ocrx_word' id='word_1_182' title='bbox 954 951 1034 994; x_wconf 87' lang='lat' dir='ltr'>Ave,</span> <span class='ocrx_word' id='word_1_183' title='bbox 1064 959 1127 992; x_wconf 88' lang='lat' dir='ltr'>qua</span> <span class='ocrx_word' id='word_1_184' title='bbox 1154 951 1242 983; x_wconf 85' lang='lat' dir='ltr'>venit</span> <span class='ocrx_word' id='word_1_185' title='bbox 1267 951 1405 994; x_wconf 86' lang='lat' dir='ltr'>novitas,</span> 
     </span>
     <span class='ocr_line' id='line_1_55' title="bbox 952 999 1430 1043; baseline 0 -12"><span class='ocrx_word' id='word_1_186' title='bbox 952 999 1053 1039; x_wconf 71' lang='lat' dir='ltr'>Quam</span> <span class='ocrx_word' id='word_1_187' title='bbox 1079 1000 1219 1033; x_wconf 86' lang='lat' dir='ltr'>nescivit</span> <span class='ocrx_word' id='word_1_188' title='bbox 1243 999 1430 1043; x_wconf 81' lang='lat' dir='ltr'>antiquitas,</span> 
     </span>
     <span class='ocr_line' id='line_1_56' title="bbox 953 1047 1423 1090; baseline 0 -10"><span class='ocrx_word' id='word_1_189' title='bbox 953 1049 1066 1080; x_wconf 76' lang='lat' dir='ltr'>Virum</span> <span class='ocrx_word' id='word_1_190' title='bbox 1094 1048 1267 1090; x_wconf 86' lang='lat' dir='ltr'>complecti</span> <span class='ocrx_word' id='word_1_191' title='bbox 1291 1047 1423 1089; x_wconf 86' lang='lat' dir='ltr'>femina,</span> 
     </span>
     <span class='ocr_line' id='line_1_57' title="bbox 954 1097 1401 1139; baseline 0.002 -9"><span class='ocrx_word' id='word_1_192' title='bbox 954 1097 1014 1137; x_wconf 81' lang='lat' dir='ltr'>Qui</span> <span class='ocrx_word' id='word_1_193' title='bbox 1041 1098 1124 1130; x_wconf 92' lang='lat' dir='ltr'>caeli</span> <span class='ocrx_word' id='word_1_194' title='bbox 1149 1098 1235 1139; x_wconf 85' lang='lat' dir='ltr'>regit</span> <span class='ocrx_word' id='word_1_195' title='bbox 1256 1097 1401 1131; x_wconf 84' lang='lat' dir='ltr'>numina.</span> 
     </span>
    </p>
   </div>
   <div class='ocr_carea' id='block_1_16' title="bbox 858 1186 1394 1373">
    <p class='ocr_par' dir='ltr' id='par_1_16' title="bbox 858 1186 1394 1373">
     <span class='ocr_line' id='line_1_58' title="bbox 858 1186 1338 1229; baseline -0.004 -9"><span class='ocrx_word' id='word_1_196' title='bbox 858 1186 938 1220; x_wconf 86' lang='lat'>139.</span> <span class='ocrx_word' id='word_1_197' title='bbox 951 1187 1034 1225; x_wconf 89' lang='lat' dir='ltr'>Ave,</span> <span class='ocrx_word' id='word_1_198' title='bbox 1061 1195 1118 1219; x_wconf 83' lang='lat' dir='ltr'>vas</span> <span class='ocrx_word' id='word_1_199' title='bbox 1145 1186 1338 1229; x_wconf 88' lang='lat' dir='ltr'>sapientiae,</span> 
     </span>
     <span class='ocr_line' id='line_1_59' title="bbox 953 1235 1394 1276; baseline -0.002 -9"><span class='ocrx_word' id='word_1_200' title='bbox 953 1236 1020 1267; x_wconf 91' lang='lat' dir='ltr'>Vas</span> <span class='ocrx_word' id='word_1_201' title='bbox 1048 1235 1176 1269; x_wconf 85' lang='lat' dir='ltr'>decoris</span> <span class='ocrx_word' id='word_1_202' title='bbox 1201 1238 1233 1267; x_wconf 84' lang='lat' dir='ltr'>et</span> <span class='ocrx_word' id='word_1_203' title='bbox 1257 1235 1394 1276; x_wconf 88' lang='lat' dir='ltr'>gratiae,</span> 
     </span>
     <span class='ocr_line' id='line_1_60' title="bbox 952 1284 1374 1317; baseline 0 -1"><span class='ocrx_word' id='word_1_204' title='bbox 952 1284 1066 1316; x_wconf 90' lang='lat' dir='ltr'>Hostis</span> <span class='ocrx_word' id='word_1_205' title='bbox 1091 1294 1150 1317; x_wconf 90' lang='lat' dir='ltr'>nos</span> <span class='ocrx_word' id='word_1_206' title='bbox 1177 1284 1217 1316; x_wconf 89' lang='lat' dir='ltr'>ab</span> <span class='ocrx_word' id='word_1_207' title='bbox 1242 1284 1374 1316; x_wconf 92' lang='lat' dir='ltr'>insidiis</span> 
     </span>
     <span class='ocr_line' id='line_1_61' title="bbox 953 1333 1362 1373; baseline 0.005 -9"><span class='ocrx_word' id='word_1_208' title='bbox 953 1333 1030 1365; x_wconf 81' lang='lat' dir='ltr'>Tuis</span> <span class='ocrx_word' id='word_1_209' title='bbox 1056 1342 1151 1366; x_wconf 77' lang='lat' dir='ltr'>serva</span> <span class='ocrx_word' id='word_1_210' title='bbox 1176 1333 1362 1373; x_wconf 79' lang='lat' dir='ltr'>praesidiis,</span> 
     </span>
    </p>
   </div>
   <div class='ocr_carea' id='block_1_17' title="bbox 855 1420 1376 1603">
    <p class='ocr_par' dir='ltr' id='par_1_17' title="bbox 855 1420 1376 1603">
     <span class='ocr_line' id='line_1_62' title="bbox 855 1420 1361 1461; baseline -0.004 -6"><span class='ocrx_word' id='word_1_211' title='bbox 855 1422 936 1455; x_wconf 90' lang='lat'>140.</span> <span class='ocrx_word' id='word_1_212' title='bbox 955 1422 1038 1461; x_wconf 85' lang='lat' dir='ltr'>Ave,</span> <span class='ocrx_word' id='word_1_213' title='bbox 1066 1422 1155 1453; x_wconf 90' lang='lat' dir='ltr'>cuius</span> <span class='ocrx_word' id='word_1_214' title='bbox 1183 1424 1233 1453; x_wconf 91' lang='lat' dir='ltr'>est</span> <span class='ocrx_word' id='word_1_215' title='bbox 1258 1420 1361 1454; x_wconf 86' lang='lat' dir='ltr'>facies</span> 
     </span>
     <span class='ocr_line' id='line_1_63' title="bbox 952 1469 1368 1511; baseline 0.005 -10"><span class='ocrx_word' id='word_1_216' title='bbox 952 1469 1088 1502; x_wconf 81' lang='lat' dir='ltr'>Devotis</span> <span class='ocrx_word' id='word_1_217' title='bbox 1113 1480 1231 1511; x_wconf 87' lang='lat' dir='ltr'>magna</span> <span class='ocrx_word' id='word_1_218' title='bbox 1257 1471 1368 1511; x_wconf 87' lang='lat' dir='ltr'>saties,</span> 
     </span>
     <span class='ocr_line' id='line_1_64' title="bbox 952 1519 1333 1552; baseline -0.003 0"><span class='ocrx_word' id='word_1_219' title='bbox 952 1519 1084 1552; x_wconf 89' lang='lat' dir='ltr'>Amoris</span> <span class='ocrx_word' id='word_1_220' title='bbox 1110 1519 1150 1551; x_wconf 94' lang='lat' dir='ltr'>ob</span> <span class='ocrx_word' id='word_1_221' title='bbox 1177 1520 1333 1552; x_wconf 81' lang='lat' dir='ltr'>indicium</span> 
     </span>
     <span class='ocr_line' id='line_1_65' title="bbox 953 1567 1376 1603; baseline 0.002 -2"><span class='ocrx_word' id='word_1_222' title='bbox 953 1567 1026 1601; x_wconf 90' lang='lat' dir='ltr'>Hoc</span> <span class='ocrx_word' id='word_1_223' title='bbox 1052 1576 1143 1600; x_wconf 89' lang='lat' dir='ltr'>sume</span> <span class='ocrx_word' id='word_1_224' title='bbox 1168 1567 1376 1603; x_wconf 90' lang='lat' dir='ltr'>sacrificium.</span> 
     </span>
    </p>
   </div>
   <div class='ocr_carea' id='block_1_18' title="bbox 857 1657 1403 1838">
    <p class='ocr_par' dir='ltr' id='par_1_18' title="bbox 857 1657 1403 1838">
     <span class='ocr_line' id='line_1_66' title="bbox 857 1657 1310 1697; baseline -0.004 -6"><span class='ocrx_word' id='word_1_225' title='bbox 857 1658 936 1691; x_wconf 89' lang='lat'>141.</span> <span class='ocrx_word' id='word_1_226' title='bbox 954 1658 1036 1697; x_wconf 86' lang='lat' dir='ltr'>Ave,</span> <span class='ocrx_word' id='word_1_227' title='bbox 1063 1657 1310 1690; x_wconf 88' lang='lat' dir='ltr'>misericordiae</span> 
     </span>
     <span class='ocr_line' id='line_1_67' title="bbox 951 1705 1399 1749; baseline 0 -11"><span class='ocrx_word' id='word_1_228' title='bbox 951 1705 1040 1738; x_wconf 87' lang='lat' dir='ltr'>Fons</span> <span class='ocrx_word' id='word_1_229' title='bbox 1067 1709 1098 1738; x_wconf 89' lang='lat' dir='ltr'>et</span> <span class='ocrx_word' id='word_1_230' title='bbox 1125 1715 1182 1738; x_wconf 90' lang='lat' dir='ltr'>vas</span> <span class='ocrx_word' id='word_1_231' title='bbox 1208 1706 1399 1749; x_wconf 86' lang='lat' dir='ltr'>pudicitiae,</span> 
     </span>
     <span class='ocr_line' id='line_1_68' title="bbox 952 1754 1394 1796; baseline 0 -9"><span class='ocrx_word' id='word_1_232' title='bbox 952 1754 1015 1795; x_wconf 89' lang='lat' dir='ltr'>Da,</span> <span class='ocrx_word' id='word_1_233' title='bbox 1041 1758 1079 1787; x_wconf 84' lang='lat' dir='ltr'>ut</span> <span class='ocrx_word' id='word_1_234' title='bbox 1102 1755 1196 1788; x_wconf 90' lang='lat' dir='ltr'>nobis</span> <span class='ocrx_word' id='word_1_235' title='bbox 1222 1755 1267 1787; x_wconf 85' lang='lat' dir='ltr'>sit</span> <span class='ocrx_word' id='word_1_236' title='bbox 1286 1756 1394 1796; x_wconf 86' lang='lat' dir='ltr'>portio</span> 
     </span>
     <span class='ocr_line' id='line_1_69' title="bbox 951 1804 1403 1838; baseline 0 -1"><span class='ocrx_word' id='word_1_237' title='bbox 951 1805 990 1837; x_wconf 87' lang='lat' dir='ltr'>In</span> <span class='ocrx_word' id='word_1_238' title='bbox 1017 1807 1203 1837; x_wconf 89' lang='lat' dir='ltr'>sanctorum</span> <span class='ocrx_word' id='word_1_239' title='bbox 1230 1804 1403 1838; x_wconf 81' lang='lat' dir='ltr'>consortio.</span> 
     </span>
    </p>
   </div>
   <div class='ocr_carea' id='block_1_19' title="bbox 857 1893 1497 2083">
    <p class='ocr_par' dir='ltr' id='par_1_19' title="bbox 857 1893 1418 2033">
     <span class='ocr_line' id='line_1_70' title="bbox 857 1893 1370 1933; baseline -0.004 -6"><span class='ocrx_word' id='word_1_240' title='bbox 857 1894 938 1927; x_wconf 87' lang='lat'>142.</span> <span class='ocrx_word' id='word_1_241' title='bbox 955 1894 1037 1933; x_wconf 75' lang='lat' dir='ltr'>Ave,</span> <span class='ocrx_word' id='word_1_242' title='bbox 1063 1893 1097 1926; x_wconf 90' lang='lat' dir='ltr'>in</span> <span class='ocrx_word' id='word_1_243' title='bbox 1124 1893 1214 1925; x_wconf 91' lang='lat' dir='ltr'>cuius</span> <span class='ocrx_word' id='word_1_244' title='bbox 1238 1893 1370 1926; x_wconf 89' lang='lat' dir='ltr'>nomine</span> 
     </span>
     <span class='ocr_line' id='line_1_71' title="bbox 954 1942 1418 1987; baseline 0 -12"><span class='ocrx_word' id='word_1_245' title='bbox 954 1942 1088 1976; x_wconf 87' lang='lat' dir='ltr'>Desudo</span> <span class='ocrx_word' id='word_1_246' title='bbox 1113 1943 1176 1975; x_wconf 91' lang='lat' dir='ltr'>hoc</span> <span class='ocrx_word' id='word_1_247' title='bbox 1201 1943 1234 1975; x_wconf 91' lang='lat' dir='ltr'>in</span> <span class='ocrx_word' id='word_1_248' title='bbox 1262 1943 1418 1987; x_wconf 72' lang='lat' dir='ltr'>carmine,</span> 
     </span>
     <span class='ocr_line' id='line_1_72' title="bbox 954 1991 1355 2033; baseline 0.002 -10"><span class='ocrx_word' id='word_1_249' title='bbox 954 1991 1115 2024; x_wconf 87' lang='lat' dir='ltr'>Succurre</span> <span class='ocrx_word' id='word_1_250' title='bbox 1139 1992 1219 2024; x_wconf 91' lang='lat' dir='ltr'>mihi</span> <span class='ocrx_word' id='word_1_251' title='bbox 1244 1992 1355 2033; x_wconf 88' lang='lat' dir='ltr'>igitur,</span> 
     </span>
    </p>

    <p class='ocr_par' dir='ltr' id='par_1_20' title="bbox 953 2041 1497 2083">
     <span class='ocr_line' id='line_1_73' title="bbox 953 2041 1497 2083; baseline 0.006 -10"><span class='ocrx_word' id='word_1_252' title='bbox 953 2041 1053 2082; x_wconf 80' lang='lat' dir='ltr'>Quem</span> <span class='ocrx_word' id='word_1_253' title='bbox 1072 2042 1175 2074; x_wconf 85' lang='lat' dir='ltr'>hostis</span> <span class='ocrx_word' id='word_1_254' title='bbox 1190 2044 1264 2074; x_wconf 85' lang='lat' dir='ltr'>trux</span> <span class='ocrx_word' id='word_1_255' title='bbox 1279 2043 1497 2083; x_wconf 76' lang='lat' dir='ltr'>persequitur.</span> 
     </span>
    </p>
   </div>
   <div class='ocr_carea' id='block_1_20' title="bbox 859 2124 1412 2305">
    <p class='ocr_par' dir='ltr' id='par_1_21' title="bbox 859 2124 1412 2305">
     <span class='ocr_line' id='line_1_74' title="bbox 859 2124 1352 2168; baseline 0 -10"><span class='ocrx_word' id='word_1_256' title='bbox 859 2126 941 2158; x_wconf 79' lang='lat'>143.</span> <span class='ocrx_word' id='word_1_257' title='bbox 956 2124 1037 2166; x_wconf 83' lang='lat' dir='ltr'>Ave,</span> <span class='ocrx_word' id='word_1_258' title='bbox 1067 2133 1085 2157; x_wconf 94' lang='lat' dir='ltr'>o</span> <span class='ocrx_word' id='word_1_259' title='bbox 1110 2134 1224 2157; x_wconf 88' lang='lat' dir='ltr'>carens</span> <span class='ocrx_word' id='word_1_260' title='bbox 1252 2125 1352 2168; x_wconf 86' lang='lat' dir='ltr'>carie,</span> 
     </span>
     <span class='ocr_line' id='line_1_75' title="bbox 952 2172 1319 2214; baseline 0.008 -10"><span class='ocrx_word' id='word_1_261' title='bbox 952 2172 1135 2206; x_wconf 87' lang='lat' dir='ltr'>Benedicta</span> <span class='ocrx_word' id='word_1_262' title='bbox 1159 2175 1319 2214; x_wconf 88' lang='lat' dir='ltr'>primarie</span> 
     </span>
     <span class='ocr_line' id='line_1_76' title="bbox 955 2222 1412 2257; baseline 0.002 -2"><span class='ocrx_word' id='word_1_263' title='bbox 955 2222 1038 2255; x_wconf 90' lang='lat' dir='ltr'>Prae</span> <span class='ocrx_word' id='word_1_264' title='bbox 1066 2223 1191 2255; x_wconf 89' lang='lat' dir='ltr'>cunctis</span> <span class='ocrx_word' id='word_1_265' title='bbox 1217 2223 1412 2257; x_wconf 89' lang='lat' dir='ltr'>mulieribus</span> 
     </span>
     <span class='ocr_line' id='line_1_77' title="bbox 955 2271 1403 2305; baseline 0.007 -3"><span class='ocrx_word' id='word_1_266' title='bbox 955 2271 993 2303; x_wconf 91' lang='lat' dir='ltr'>In</span> <span class='ocrx_word' id='word_1_267' title='bbox 1020 2272 1140 2305; x_wconf 89' lang='lat' dir='ltr'>mundo</span> <span class='ocrx_word' id='word_1_268' title='bbox 1166 2272 1403 2305; x_wconf 89' lang='lat' dir='ltr'>habitantibus.</span> 
     </span>
    </p>
   </div>
   <div class='ocr_carea' id='block_1_21' title="bbox 859 2353 1416 2547">
    <p class='ocr_par' dir='ltr' id='par_1_22' title="bbox 859 2353 1416 2547">
     <span class='ocr_line' id='line_1_78' title="bbox 859 2353 1315 2395; baseline 0.002 -7"><span class='ocrx_word' id='word_1_269' title='bbox 859 2355 940 2388; x_wconf 90' lang='lat'>144.</span> <span class='ocrx_word' id='word_1_270' title='bbox 954 2353 1037 2395; x_wconf 84' lang='lat' dir='ltr'>Ave,</span> <span class='ocrx_word' id='word_1_271' title='bbox 1063 2357 1169 2387; x_wconf 85' lang='lat' dir='ltr'>mater</span> <span class='ocrx_word' id='word_1_272' title='bbox 1197 2355 1315 2389; x_wconf 85' lang='lat' dir='ltr'>deifica</span> 
     </span>
     <span class='ocr_line' id='line_1_79' title="bbox 955 2403 1341 2450; baseline 0.008 -15"><span class='ocrx_word' id='word_1_273' title='bbox 955 2403 1000 2436; x_wconf 80' lang='lat' dir='ltr'>Et</span> <span class='ocrx_word' id='word_1_274' title='bbox 1025 2404 1132 2444; x_wconf 81' lang='lat' dir='ltr'>gratia</span> <span class='ocrx_word' id='word_1_275' title='bbox 1157 2404 1341 2450; x_wconf 84' lang='lat' dir='ltr'>magnifica,</span> 
     </span>
     <span class='ocr_line' id='line_1_80' title="bbox 954 2452 1416 2502; baseline 0.011 -18"><span class='ocrx_word' id='word_1_276' title='bbox 954 2452 1086 2486; x_wconf 80' lang='lat' dir='ltr'>Nostris</span> <span class='ocrx_word' id='word_1_277' title='bbox 1110 2452 1208 2487; x_wconf 88' lang='lat' dir='ltr'>finem</span> <span class='ocrx_word' id='word_1_278' title='bbox 1235 2453 1291 2488; x_wconf 88' lang='lat' dir='ltr'>fac</span> <span class='ocrx_word' id='word_1_279' title='bbox 1318 2456 1416 2502; x_wconf 88' lang='lat' dir='ltr'>vitiis,</span> 
     </span>
     <span class='ocr_line' id='line_1_81' title="bbox 955 2501 1411 2547; baseline 0.015 -14"><span class='ocrx_word' id='word_1_280' title='bbox 955 2501 1006 2534; x_wconf 85' lang='lat' dir='ltr'>Ne</span> <span class='ocrx_word' id='word_1_281' title='bbox 1032 2503 1202 2537; x_wconf 84' lang='lat' dir='ltr'>tradamur</span> <span class='ocrx_word' id='word_1_282' title='bbox 1228 2505 1411 2547; x_wconf 84' lang='lat' dir='ltr'>suppliciis.</span> 
     </span>
    </p>
   </div>
  </div>
 </body>
</html>
