1650 2671
142 206 220 239 110.

141 1044 222 1078 12l.

142 1468 223 1502 122.

147 2315 227 2347 124.

247 205 427 246 Exemplar
452 205 608 245 optimum

297 254 427 286 Amoris
454 254 567 292 mutui,

248 305 317 343 Quo
342 302 456 336 vivunt
481 302 656 343 plurimum

297 352 445 385 Peccatis
471 350 601 389 mortui,

247 401 441 433 Nostrorum
467 399 610 432 hostium

293 448 441 482 Resistas
465 448 561 488 astui,

248 498 308 538 Qui
335 500 495 538 quaerunt
518 496 658 537 iurgium

298 547 395 586 Quasi
422 545 617 578 continuum.

201 626 219 657 ³.
248 624 274 657 Ο
300 632 359 655 rex
385 623 588 664 regnantium

295 672 334 705 In
359 673 471 705 mundi
498 671 657 712 partibus,

246 722 342 754 I’acls
369 721 570 762 praesidium

297 769 387 803 Dans
413 773 447 802 te
474 769 665 811 colentibus,

249 819 387 852 Praesta
412 819 569 851 auxilium

297 867 426 900 Mariae
452 867 604 909 precibus

249 916 353 949 Nobis
380 917 530 949 exsilium

297 965 421 998 Durum
448 964 640 999 ferentibus,

251 1044 321 1077 Pax
349 1052 382 1076 es
408 1043 554 1085 pacificis

300 1093 412 1132 Atque
438 1092 622 1135 concordia,

250 1141 297 1175 Ut
323 1141 426 1174 claret,
450 1141 592 1173 credulis

298 1191 363 1223 Per
389 1190 567 1231 evangelia,

248 1239 372 1272 Amore
395 1238 500 1272 afficis

299 1288 344 1321 Et
371 1288 605 1330 discordantia,

248 1338 287 1371 In
315 1347 412 1370 unum
441 1338 567 1378 colligis

296 1386 494 1420 Divisibilia.

249 1467 274 1500 O
303 1465 408 1499 factor
434 1466 591 1498 luminum

301 1514 424 1548 Cuncta
450 1514 664 1557 prospiciens,

251 1565 275 1598 O
302 1564 436 1597 verbum
464 1564 612 1596 inclitum

301 1613 353 1646 Ab
380 1615 452 1655 ipso
479 1612 647 1654 prodiens,

251 1663 275 1697 O
304 1672 395 1695 amor
422 1662 569 1695 cordium

294 1712 348 1744 Ab
376 1712 427 1746 his
452 1711 679 1753 progrediens,

249 1761 302 1794 Sis
331 1761 530 1794 desiderium

297 1811 407 1844 Meum
434 1808 617 1851 perficiens.

217 1916 224 1923 .
252 1890 276 1923 Ο
303 1888 477 1922 ineffabilis

302 1938 377 1970 Vita
403 1938 600 1976 humanitus,

251 1989 282 2020 A
308 1988 431 2019 sanctis
455 1986 579 2028 angelis

300 2036 450 2069 Laudata
475 2035 620 2079 caelitus,

250 2086 319 2118 Nos
346 2094 366 2117 a
389 2084 528 2126 piaculis

297 2133 444 2167 Absolve
467 2133 609 2174 penitus,

253 2184 339 2225 Quos
364 2186 470 2216 taeter
496 2181 636 2215 vinculis

301 2231 505 2265 Constrinxit
530 2230 676 2272 spiritus,

257 2313 282 2346 O
309 2311 464 2352 princeps
490 2309 683 2350 principum,

301 2362 340 2394 In
367 2364 478 2394 terrae
503 2358 653 2400 partibus

249 2411 316 2444 Per
342 2412 375 2442 te
398 2408 603 2449 regnantium

302 2458 369 2491 Sub
396 2459 460 2491 tuis
486 2456 625 2498 legibus,
654 2497 657 2500 Ι

778 106 825 140 s

783 477 786 486 Ι
842 430 921 462 125.

843 848 924 883 126.

849 1270 929 1303 127.

848 1692 927 1725 128.

852 2114 933 2147 129.

948 204 999 237 Da
1023 206 1114 244 pacis
1140 205 1282 237 animum

996 253 1185 286 credentum
1210 252 1351 294 regibus,

945 302 1070 334 Vanum
1094 312 1156 345 per
1178 302 1320 344 iurgium

992 351 1061 384 Iam
1086 351 1301 393 litigantibus.

950 429 1189 462 Desiderabilis

995 478 1041 510 Et
1066 478 1296 520 superoptime,

951 526 1034 558 Vere
1059 527 1208 559 amabilis

997 574 1143 608 Devotae
1168 576 1304 618 animae,

950 624 1002 657 Sis
1029 624 1216 664 exorabilis,

997 672 1046 704 Te
1069 681 1186 713 precor
1210 672 1335 709 intime,

949 721 1061 753 Hostis
1088 721 1264 754 tendiculis

998 769 1141 803 Gravato
1167 770 1318 811 pessime.

953 849 977 882 O
1005 848 1168 889 sapientia

999 897 1139 929 Domum
1166 895 1353 938 aedificans,

953 946 1048 979 Illam
1073 955 1134 987 per
1160 946 1253 978 varia

1000 994 1095 1028 Dona
1121 994 1338 1036 consolidans,

954 1043 1005 1076 Sis
1029 1043 1239 1083 providentia

1002 1092 1058 1124 Me
1084 1093 1161 1124 huic
1186 1091 1367 1132 applicans,

951 1139 992 1175 In
1019 1149 1083 1180 qua
1106 1140 1234 1173 laetitia

1005 1188 1073 1222 Sim
1099 1198 1229 1229 semper
1250 1188 1404 1220 iubilaus.

959 1269 1072 1300 Virtus
1097 1267 1230 1302 vivifica

1008 1317 1072 1350 Dei
1096 1317 1265 1360 potentiae

955 1366 1001 1399 Et
1026 1375 1125 1399 causa
1148 1366 1246 1398 unica

1004 1415 1115 1448 Omnis
1141 1414 1309 1456 scientiae,

955 1464 1060 1497 Nobis
1087 1464 1287 1497 communica

1004 1513 1066 1547 Vel
1091 1513 1198 1546 stillas
1225 1512 1351 1553 gratiae

954 1562 1000 1595 Et
1023 1561 1176 1594 beatifica

1005 1611 1074 1644 Nos
1102 1612 1185 1644 dono
1212 1609 1345 1651 gloriae.

955 1690 1031 1722 Vita
1052 1687 1230 1721 laudabilis

1003 1738 1127 1770 Rerum
1153 1737 1331 1769 viventium

955 1788 985 1820 A
1007 1786 1122 1827 primis
1148 1786 1287 1818 saeculis

1005 1835 1115 1869 Vitam
1141 1834 1343 1876 habentium,

956 1885 1102 1919 Resistas
1129 1884 1265 1917 aemulis

1004 1933 1080 1966 Tibi
1108 1934 1321 1976 credentium,

957 1983 1005 2016 Te
1029 1982 1162 2015 laudum
1189 1983 1295 2015 titulis

1004 2031 1062 2064 Pie
1088 2033 1323 2073 quaerentium.

960 2111 1033 2144 Lux
1058 2110 1234 2143 invisibilis

1007 2159 1058 2192 Tu
1083 2159 1173 2192 Deus
1202 2160 1332 2202 diceris,

958 2209 1046 2242 Mire
1069 2210 1104 2242 in
1131 2208 1255 2250 angelis

1007 2257 1135 2291 Lucens
1161 2260 1195 2290 et
1220 2258 1349 2299 ceteris,

957 2307 1086 2340 Solutos
1112 2307 1252 2340 vinculis

1004 2356 1047 2388 Et
1075 2366 1183 2389 rerum
1210 2356 1355 2389 tenebris

957 2406 1058 2447 Iunge
1085 2405 1283 2438 christicolis

1005 2454 1043 2487 In
1070 2464 1170 2496 regno
1198 2455 1351 2489 aetheris.
