1650 2671
172 192 227 226 78.

175 615 231 649 79.

171 1039 229 1073 80.

175 1460 232 1494 81.

176 1885 233 1919 82.

174 2312 231 2346 83.

256 193 339 233 Ave,
366 192 476 224 lumen
504 189 671 233 caelicum,

308 239 472 273 Auferens
498 248 666 283 vaporem,

257 290 385 331 Ingerit
410 288 464 329 qui
491 287 653 329 pesticum

307 338 447 372 Animae
473 338 675 379 languorem,

258 386 362 421 Tuum
390 395 452 429 per
479 386 628 419 deificum

303 436 356 469 Da
382 436 462 469 mihi
487 436 640 468 timorem

258 486 436 520 Declinare
461 485 624 517 lubricum

306 534 445 567 Veneris
472 534 636 567 ardorem.

257 615 341 655 Ave,
369 623 427 647 rex
453 613 649 645 Emmanuel

307 663 468 705 Vitaeque
495 661 625 695 futurae

258 715 374 757 Dator,
401 720 510 753 regem
537 711 642 745 Israel

308 761 408 802 Quem
440 761 553 793 dicunt
579 761 776 803 scripturae,

255 810 429 845 Nuntiavit
455 810 591 843 Gabriel

302 859 433 902 Virgini
457 862 492 892 te
516 868 631 903 purae,

255 910 304 945 Ut
324 911 453 943 veniret
478 909 600 942 Ismael

303 959 356 992 Ad
384 958 482 992 fidem
510 966 635 992 secure.

261 1039 339 1077 Ave,
368 1046 493 1070 summa
520 1037 654 1080 veritas,

307 1087 442 1121 Cunctis
469 1086 699 1130 praecolenda,

260 1137 332 1178 Qua
359 1136 495 1168 docetur
518 1133 649 1167 falsitas

308 1184 453 1217 Deorum
480 1184 678 1228 spernenda,

261 1233 333 1266 Tua
358 1241 436 1266 vere
463 1233 568 1265 deitas

306 1282 370 1315 Est
394 1281 622 1315 benedicenda

259 1333 370 1373 Atque
394 1330 625 1364 immortalitas

309 1381 407 1414 Votis
433 1380 631 1421 appetenda.

261 1461 343 1501 Ave,
370 1460 526 1501 princeps
554 1458 672 1503 datiae,

312 1509 471 1549 Princeps
497 1508 642 1550 pietatis,

262 1558 423 1599 Largiens
449 1555 622 1599 magnifice

309 1607 390 1640 Tuis
419 1607 504 1640 dona
529 1606 641 1651 gratis,

261 1656 355 1690 Mala
382 1658 499 1689 cuncta
524 1655 619 1688 abice

312 1705 453 1738 Nostrae
478 1704 653 1748 pravitatis

262 1756 307 1789 Et
333 1757 500 1788 consortes
528 1753 670 1787 caelicae

309 1804 379 1837 Fac
404 1803 610 1837 hereditatis.

261 1885 343 1923 Ave,
372 1892 390 1915 ο
419 1883 594 1924 conspicue
651 1912 654 1915 .

312 1933 385 1965 Iesu
411 1935 527 1965 auctor
552 1932 654 1975 pacis,

262 1981 394 2016 Inimici
419 1984 552 2015 strenue

313 2032 471 2065 Premens
498 2031 563 2064 vim
591 2030 738 2072 bellacis,

261 2080 330 2115 Mei
356 2090 471 2114 saxum
500 2081 617 2114 dirime

314 2130 432 2164 Cordis
458 2129 669 2172 contumacis,

263 2182 397 2216 cremer
421 2189 464 2213 ne
489 2181 671 2221 perpetuae

311 2229 533 2264 Combustura
557 2228 652 2264 facis,

259 2311 343 2351 Ave,
371 2309 642 2343 obumbraculum

310 2359 434 2393 Mentis
460 2358 630 2401 fatigatae,

264 2410 316 2445 Ab
344 2410 405 2444 hac
432 2407 560 2452 pellen's
582 2408 777 2449 pseudolum

312 2458 395 2493 Cum
421 2459 606 2500 iniquitate,

807 88 853 125 63

881 416 936 449 84.

880 841 937 874 85.

883 1263 941 1297 86.

886 1685 943 1720 87.

886 2110 945 2144 88.

969 189 1059 223 (laeli
1085 190 1333 224 tabernaculum

1017 240 1163 282 Supplex
1189 249 1307 283 precor
1333 251 1352 274 a
1377 243 1421 282 te,

966 288 1035 328 Quo
1062 289 1185 332 possim
1210 290 1244 322 in
1271 291 1438 323 saeculum

1015 338 1135 372 Vivere
1159 338 1265 373 beate.

964 417 1047 459 Ave,
1077 418 1132 460 qui
1157 418 1307 459 potentia

1014 466 1137 500 Praees
1162 467 1325 501 universis

968 514 1178 550 Concor-dans
1205 517 1371 549 contraria

1014 564 1160 597 Motibus
1188 566 1339 608 diversis,

968 613 1095 647 Adesto
1123 622 1193 646 cum
1221 615 1327 655 gratia

1017 663 1086 695 Iam
1113 663 1155 695 ad
1182 666 1216 695 te
1242 664 1418 705 conversiS,

969 711 1078 744 Antea
1101 720 1161 753 per
1186 713 1269 745 vitia

1019 760 1176 802 Turpiter
1200 762 1376 802 perversis

964 839 1048 879 Ave,
1077 839 1167 872 cuius
1193 840 1347 873 laudibus

1012 889 1115 922 Astra
1140 888 1301 921 matutina

966 938 1169 971 Venerantes
1197 937 1344 971 crebrius

1013 987 1128 1020 Mente
1155 996 1228 1019 cum
1253 988 1372 1028 supina

964 1035 1097 1079 Astant,
1123 1037 1245 1069 nostris
1273 1038 1425 1077 precibus

1014 1085 1175 1118 Auditum
1200 1085 1333 1128 inc-lina,

964 1134 1052 1175 Quos
1078 1134 1193 1175 pungit
1219 1135 1361 1168 validius

1018 1184 1230 1217 Peccatorum
1256 1184 1362 1224 spina.

969 1262 1051 1302 Ave,
1078 1262 1134 1304 qui
1158 1271 1219 1303 per
1244 1263 1404 1304 virginem

1018 1311 1119 1344 Nasci
1144 1320 1178 1343 es
1206 1312 1368 1357 dignatus,

969 1360 1016 1393 Ut
1041 1361 1186 1394 salvares
1213 1361 1385 1403 hominem,

1016 1410 1079 1450 Qui
1105 1412 1176 1442 erat
1202 1413 1330 1443 creatus

968 1458 1073 1492 Tuam
1098 1459 1142 1492 ad
1167 1459 1342 1501 imaginem

1018 1507 1172 1548 Beneque
1198 1511 1344 1552 ornatus,

970 1555 1037 1590 Sed
1063 1558 1149 1590 ultro
1176 1566 1237 1598 per
1264 1557 1454 1591 daemonem

1019 1606 1144 1639 Fuerat
1167 1609 1364 1648 prostratus,

970 1685 1053 1725 Ave,
1080 1694 1140 1726 per
1166 1694 1260 1726 quem
1286 1688 1398 1720 terrea

1022 1733 1160 1767 Caelicis
1186 1735 1373 1777 iunguntur,

970 1783 1081 1816 Morte
1106 1788 1163 1816 tua
1189 1783 1315 1826 Stygea

1020 1832 1139 1866 Vincla
1167 1833 1242 1865 dum
1270 1836 1476 1876 rumpuntur,

972 1882 1045 1916 Duc
1070 1891 1129 1915 nos
1156 1882 1198 1915 ad
1225 1883 1388 1928 aetherea,

1021 1931 1104 1964 Iusti
1131 1941 1193 1972 quo
1219 1935 1395 1974 ponuntur,

972 1980 1124 2014 Membra
1150 1985 1262 2014 nostra
1290 1990 1408 2015 carnea

1022 2030 1158 2071 Quando
1185 2031 1418 2065 dissolvuntur.

971 2109 1055 2153 Ave,
1081 2109 1280 2151 principatui

1020 2159 1201 2192 Dominans
1227 2168 1380 2202 superno,

974 2207 1116 2242 Concors
1143 2209 1327 2250 potentatui

1022 2259 1130 2292 Patris
1156 2258 1197 2291 ab
1225 2260 1368 2299 aeterno⁷

972 2308 1042 2342 Tuo
1071 2308 1251 2341 dominatui

1022 2357 1170 2401 Supplex
1195 2367 1247 2391 me
1272 2360 1458 2398 prosterno,

973 2407 1141 2441 Medelam
1167 2406 1273 2440 reatui

1023 2457 1071 2491 Ut
1094 2466 1166 2490 meo
1194 2457 1252 2490 des
1277 2456 1418 2492 internO.
