1650 2671
240 238 273 272 3.
289 238 374 280 Ave,
402 238 488 280 lesu,
516 236 589 271 fons
617 239 810 282 sapientiae,

249 700 282 733 5.

223 1850 281 1884 10.

221 2079 277 2112 11.

217 2358 275 2392 12.

293 286 331 319 In
347 295 410 327 quo
426 285 543 320 foedus
558 287 697 330 quisque
711 288 867 331 abluitur,

296 335 412 369 Vclum
441 345 557 369 amove
583 337 799 380 ignorantiae,

296 385 364 425 Quo
378 387 532 426 aspectus
547 386 666 418 mentis
681 387 865 421 obducitur.

273 468 378 513 .Avc‚
408 478 426 501 o
454 469 559 501 electe
584 478 623 502 ex
649 470 807 512 millibus,

298 517 396 551 Cuius
423 518 673 560 pulchritudine
699 519 867 564 trahimur,

294 567 458 600 Miserere
489 568 530 601 de
555 568 620 600 tuis
646 568 773 610 legibus

290 615 464 658 Nobis,qui
474 617 620 657 peccatis
629 616 868 650 confundimur.

297 700 379 743 Ave,
408 700 463 733 lex
490 703 522 732 et
547 710 664 733 norma
687 700 843 742 iustitiae,

291 748 356 780 Per
371 757 467 790 quam
479 750 521 782 ad
535 749 647 782 divina
658 748 865 792 reflectimur,

294 797 426 830 restem
453 796 548 830 aufer
572 807 659 830 nunc
684 798 853 830 avaritiae.

293 846 331 879 In
344 846 502 879 ambitum
514 856 577 888 qua
588 856 699 879 rerum
707 846 865 880 ducimur.

275 929 380 972 .Avc‚
407 930 494 974 Iesu,
524 930 579 971 qui
604 929 795 963 homousion

293 978 341 1011 Es
369 981 502 1012 vocatus
527 989 546 1011 a
563 979 685 1012 sanctis
704 978 864 1022 patribus,

293 1028 360 1061 Per
386 1037 516 1061 oramen
537 1031 671 1061 sanctae
690 1028 866 1061 theotocon

294 1076 362 1109 Nos
379 1078 508 1110 custodi
522 1077 562 1110 ab
577 1077 865 1118 exprobrantibus.

272 1162 377 1205 .Ave,
404 1161 591 1193 consolator
616 1161 806 1203 lugentium,

296 1211 391 1251 Quod
419 1218 458 1242 ex
484 1212 541 1242 tua
566 1213 660 1251 patet
681 1211 853 1254 sententia,

295 1259 346 1292 Tu
372 1259 536 1292 aerumnis
564 1259 685 1291 nostris
710 1259 868 1292 solacium

299 1308 403 1341 Nobis
429 1309 475 1340 sis
504 1308 672 1349 depellens
691 1309 866 1344 contraria.

272 1395 379 1433 .Ave,
408 1392 498 1424 cuius
525 1392 643 1425 beatae
670 1392 750 1424 visio

297 1442 411 1474 Faciei
437 1442 559 1474 sanctis
582 1442 795 1482 promittitur,

295 1490 503 1532 Laqueorum
529 1491 648 1523 mentis
674 1491 794 1523 solutio

292 1540 356 1573 Per
367 1543 401 1572 te
410 1539 478 1583 fiat,
493 1540 565 1581 quis
576 1540 866 1580 circumplectitur.

271 1624 373 1668 ,Avc,
403 1624 494 1656 cuius
520 1624 655 1665 instigat
681 1623 812 1656 bonitas
920 1585 976 1619 Μ’

296 1673 453 1706 Caritatis
481 1674 523 1706 ad
551 1673 761 1717 desiderium,

291 1722 396 1755 Nobis
423 1732 444 1755 a
468 1726 502 1755 te
529 1723 625 1755 detur
651 1723 829 1765 humilitas,

293 1773 383 1812 Quae
399 1772 558 1805 virtutum
573 1775 623 1804 est
637 1772 865 1807 servatorium.

296 1853 380 1893 Ave,
408 1860 507 1893 sapor
535 1851 678 1884 dulcoris
705 1851 822 1896 intimi,

295 1901 387 1934 Iusta
414 1909 544 1941 semper
566 1900 733 1941 inspirans
756 1909 866 1944 opera,

295 1950 485 1982 Perturbati
511 1959 677 1983 maerores
704 1950 804 1982 animi

296 2000 361 2032 Per
382 1999 591 2032 dulcedinem
606 2001 696 2031 tuam
709 2002 866 2040 tempera.

294 2081 377 2119 Ave,
406 2079 497 2111 nulla
524 2088 618 2120 quem
648 2078 739 2119 capit
763 2079 859 2120 ratio,

301 2128 399 2162 Cuius
419 2130 537 2161 cuncta
551 2131 698 2169 potestas
714 2128 869 2170 continet,

294 2178 348 2212 Da
373 2178 534 2211 malorum
558 2187 601 2210 ne
626 2176 786 2211 fabulatio

291 2228 416 2263 Mentis
442 2230 576 2261 nostrae

365 2277 515 2311 auditum
540 2277 700 2319 inquinet.

290 2358 373 2403 Ave,
402 2356 477 2391 finis
505 2359 539 2390 et
566 2357 801 2391 consummatio

294 2408 428 2450 Duplae
438 2408 533 2450 legis,
545 2407 703 2441 virtutum
712 2407 865 2452 omnium,

295 2457 438 2497 Quarum
466 2458 551 2499 iugis
577 2466 664 2490 nunc
689 2457 861 2490 meditatio

293 2507 400 2540 Pellat
427 2517 448 2540 a
468 2516 521 2540 me
539 2516 635 2540 omne
653 2507 865 2542 contrarium.

810 126 816 132 ’
856 141 925 177 123

924 241 979 275 13.

924 450 980 484 14.

923 662 978 696 15.

920 867 976 901 16.

920 1123 977 1156 17.

922 1379 979 1412 18.

918 1794 976 1827 20.

923 2050 978 2084 21.

921 2259 977 2291 22.

1000 241 1082 283 Ave,
1109 240 1204 273 nobis
1231 240 1286 281 qui
1314 240 1481 281 evangelio

997 289 1197 323 Praestitisti
1224 289 1355 322 vivendi
1381 289 1540 331 regulam,

996 338 1099 371 Verbi
1124 339 1171 371 tui
1198 348 1256 371 nos
1281 338 1387 370 lustra
1413 337 1517 382 radio,

995 387 1043 420 Ut
1067 387 1206 420 vitemus
1232 387 1360 428 peccati
1386 387 1557 421 maculam.

994 451 1076 495 Ave,
1104 451 1223 493 lumen,
1253 451 1342 483 cuius
1368 451 1518 483 absentia

993 500 1032 533 ln
1059 500 1186 532 ruinam
1211 509 1340 541 gravem
1368 500 1555 542 incidimus,

994 548 1066 581 Tua
1086 549 1209 581 nostris
1226 552 1374 590 praestet
1390 549 1565 582 clementia

996 597 1097 630 Verbi
1124 598 1172 630 tui
1196 597 1362 630 lucernam
1389 598 1539 638 pedibus,

996 661 1078 705 Ave,
1106 661 1191 701 Iesu,
1218 663 1390 701 susceptor
1405 662 1563 706 exsulum,

995 710 1043 742 Tc
1068 711 1260 750 precantum
1288 719 1349 750 pro
1376 710 1550 755 adiutorio,

993 758 1215 799 Malignorum
1233 757 1326 790 aufer
1351 759 1563 803 tendiculum,

993 807 1083 840 Illud
1109 809 1165 839 tuo
1191 805 1347 848 frangens
1372 808 1523 848 imperio.

991 867 1073 907 Ave,
1102 865 1188 907 Iesu,
1209 864 1283 898 fons
1303 867 1407 899 omnis
1425 868 1563 909 gratiae,

991 914 1121 948 Donum
1147 915 1268 947 bonum

1068 965 1149 996 dans
1175 967 1208 996 te
1234 964 1429 1008 amantibus,

991 1013 1059 1046 Nos
1085 1011 1228 1046 informa
1254 1022 1367 1046 norma
1392 1013 1549 1058 iustitiae,

992 1062 1044 1095 Ne
1069 1062 1241 1095 tradamur
1267 1063 1553 1098 calumniantibus,

991 1123 1074 1166 Ave,
1103 1123 1188 1165 Iesu,
1218 1121 1308 1154 cuius
1335 1121 1493 1163 obsequia

992 1171 1201 1204 Intellectum

1067 1222 1239 1261 praestant
1265 1220 1453 1261 humilibus,

994 1269 1188 1310 Desperatis
1217 1268 1331 1302 confer
1357 1270 1514 1312 remedia,

994 1319 1034 1352 ln
1062 1319 1225 1359 pressuris
1253 1317 1367 1352 fovens
1386 1317 1563 1355 flebilibus,

995 1380 1077 1418 Ave,
1103 1378 1189 1420 Iesu,
1219 1378 1308 1409 cuius
1334 1378 1461 1411 iustitia

993 1427 1149 1473 Violatur
1175 1436 1194 1459 a
1221 1427 1346 1459 cunctis
1373 1426 1519 1471 perfidis,

995 1476 1103 1517 Purga
1129 1477 1230 1509 corda
1254 1479 1368 1509 nostra
1385 1477 1565 1521 sordentia,

991 1525 1153 1558 Hostibus
1180 1534 1221 1558 nc
1239 1526 1410 1558 tradamur
1428 1526 1566 1561 rabidis.

990 1584 1073 1626 Ave,
1102 1584 1206 1617 omnis
1232 1584 1312 1617 boni
1338 1583 1484 1618 efficiens

993 1634 1109 1675 Causa,
1130 1634 1230 1677 cuius,
1251 1637 1377 1666 rectum
1394 1635 1563 1676 iudicium,

993 1683 1045 1716 Sis
1072 1683 1250 1716 clementer
1272 1692 1367 1717 voces
1385 1685 1564 1717 exaudiens

991 1733 1074 1766 Toto
1103 1734 1203 1766 corde
1229 1733 1272 1766 ad
1291 1737 1324 1766 te
1343 1734 1563 1768 clamantium.

989 1793 1071 1837 Ave,
1101 1792 1188 1835 111511,
1217 1794 1307 1825 cuius
1333 1793 1534 1834 principium

990 1842 1111 1875 Exstat
1117 1851 1240 1875 summa
1250 1842 1425 1875 verborum
1433 1843 1565 1887 veritas,

993 1891 1051 1924 Me
1079 1892 1222 1934 digneris
1247 1901 1367 1924 sanare
1392 1892 1548 1937 saucium,

995 1941 1096 1981 Quem
1119 1941 1268 1973 mortalis

1067 1991 1189 2032 premit
1212 1990 1397 2023 infirmitas.

992 2049 1074 2094 Ave,
1105 2050 1188 2095 Iesu,
1218 2051 1273 2091 qui
1301 2051 1513 2092 diligentibus

993 2099 1113 2141 Legem
1124 2103 1214 2132 tuam
1226 2100 1284 2133 das
1290 2100 1382 2141 pacis
1391 2101 1564 2144 cumulum,

994 2149 1295 2182 Praestatibinunc
1302 2150 1576 2193 supplicantibus,

998 2198 1049 2231 Ne
1058 2199 1228 2232 incurrant
1233 2200 1366 2241 aliquod
1373 2200 1576 2233 scandalum.

993 2259 1077 2301 Ave,
1093 2261 1218 2301 pastor,
1234 2259 1288 2301 qui
1298 2268 1391 2292 ovem
1401 2259 1568 2302 perditam

993 2308 1186 2350 Reportasti
1213 2309 1256 2342 ad
1281 2309 1392 2342 caulas
1416 2308 1565 2353 caelicas,

992 2358 1146 2403 Poenam,
1175 2367 1305 2403 quaeso,

1068 2407 1198 2441 dimitte
1226 2408 1381 2452 debitam,

992 2458 1094 2499 Quam
1120 2458 1245 2490 incurri

1067 2516 1128 2549 per
1155 2508 1270 2549 culpas
1295 2506 1452 2540 lubricas
