1650 2671
197 238 253 274 97.

192 640 248 672 98,

171 1138 251 1172 101.

174 1538 254 1571 102.

180 1940 260 1974 103.

182 2342 264 2375 104.

282 238 308 272 O
335 238 410 272 Iesu
432 238 555 282 inclite,

325 287 386 329 Qui
411 296 431 320 a
455 286 618 328 principio

279 335 385 368 Natus
409 335 548 369 mirifice

327 384 371 418 Es
397 384 438 417 ab
464 384 568 425 initio,

278 433 367 466 Tuae
394 433 601 466 dulcissimae

324 482 443 515 Matris
467 482 613 523 precatio

277 530 419 563 Nostrae
443 530 594 564 miseriae

326 578 377 613 Sit
401 579 545 614 abolitio.

278 638 384 671 Causa
409 636 589 671 fortissima

328 687 439 721 Omnis
466 686 651 730 causabiliS,

277 735 329 769 Ex
355 738 424 768 tota
449 736 557 769 anima

325 785 410 818 Mihi
435 784 596 826 amabilis,

277 833 368 868 Voce
393 833 636 875 promptissima

326 882 373 915 Es
398 882 641 924 praedicabilis,

277 931 390 964 Mente
414 931 591 971 purissima

328 980 459 1014 Cunctis
483 980 670 1013 laudabilis.

895 240 951 274 99.

873 639 953 672 100.

979 237 1103 271 Lumen
1132 234 1282 268 deificum

1028 283 1270 326 Inaccessibile,

978 336 1043 369 Per
1069 334 1189 367 cultum
1214 331 1365 365 sedulum

1030 382 1163 418 Cunctis
1188 380 1367 421 laudabile,

977 434 1041 467 Cor
1065 441 1173 465 meum
1198 430 1354 464 stolidum

1028 482 1073 516 Et
1095 479 1295 514 indomabile

979 531 1048 563 Fae
1072 530 1133 563 tibi
1157 529 1315 573 placitum

1026 578 1072 613 Et
1097 579 1189 612 bonis
1217 578 1336 611 habile.

981 637 1007 671 O
1034 640 1148 671 sancte
1176 637 1311 678 spiritus

1027 686 1137 720 Patris
1164 689 1197 718 et
1222 684 1281 718 filii

978 736 1131 776 Fonsque
1155 732 1328 767 mellifluus

1028 784 1142 817 Nostri
1168 784 1317 824 remedii,

978 833 1092 866 Nostri
1119 835 1297 876 perpetuus

1029 882 1081 915 Sis
1109 881 1176 916 dux
1201 881 1292 913 exilii

982 932 1033 963 Ac
1059 931 1154 963 dator
1178 929 1311 962 inclitus

1028 979 1167 1012 Aeterni
1190 978 1339 1019 praemii.

619 1067 945 1108 Quinquagena
977 1066 1039 1100 III.

278 1136 347 1169 Ens
372 1135 472 1168 verbo
498 1134 623 1167 faciens

328 1185 454 1219 Cuncta
478 1183 667 1225 subsistere,

280 1233 404 1267 Cuncta
429 1233 633 1275 prospiciens

325 1283 391 1316 Hic
416 1288 449 1315 et
473 1282 505 1314 in
533 1282 675 1323 aethere,

279 1332 336 1365 Me
361 1332 406 1364 sis
432 1330 610 1371 respiciens

325 1380 447 1414 Divino
473 1388 618 1419 munere,

277 1429 379 1462 Modo
407 1427 560 1461 deficiens

330 1478 389 1518 Qui
416 1486 485 1509 sum
510 1486 592 1518 prae
617 1476 750 1509 scelere.

284 1535 404 1569 Gluten
429 1534 604 1577 vivificum,

331 1585 430 1619 Cuius
457 1585 590 1617 conexio

282 1633 457 1674 Coniungit
480 1633 609 1666 unicum

335 1683 398 1717 Suo
424 1682 597 1725 principio,

284 1733 331 1765 Te
356 1736 502 1765 sanctum
528 1732 678 1772 spiritum

332 1780 455 1814 Pandit
478 1781 656 1821 processio,

284 1830 440 1864 Nostrum
464 1830 659 1871 paraclitum

333 1880 419 1912 Vera
445 1878 615 1914 confessio.

287 1938 313 1972 O
339 1938 474 1971 verbum
500 1937 629 1971 Domini

333 1987 380 2021 Et
403 1987 572 2032 sapientia,

288 2036 359 2077 Ipsi
384 2044 423 2068 ac
445 2036 612 2077 pneumati

338 2086 403 2119 Par
429 2085 614 2127 existentia,

289 2133 466 2167 Succurras
491 2133 614 2166 homini

337 2183 409 2215 Tua
433 2183 605 2215 clementia

290 2231 374 2265 Dato
402 2231 583 2265 discrimini

339 2280 387 2314 Ob
414 2289 472 2314 sua
496 2280 587 2315 vitia.

289 2339 391 2373 Pater
417 2339 472 2380 qui
499 2338 618 2372 diceris

340 2387 602 2429 Misericordiae,

291 2438 370 2471 Tuis
394 2437 438 2471 de
463 2437 590 2479 superis

340 2488 436 2521 Dans
462 2496 569 2520 rorem
594 2487 729 2530 gratiae,

875 1339 956 1372 105.

879 1740 959 1775 106.

884 2143 965 2177 107.

982 1135 1010 1167 A
1038 1134 1132 1167 nobis
1156 1133 1287 1166 miseris

1028 1182 1162 1216 Pondus
1187 1182 1339 1214 miseriae

983 1230 1090 1264 Aufer
1116 1240 1136 1263 a
1161 1231 1296 1263 sceleris

1029 1281 1220 1314 Emundans
1247 1279 1369 1312 scabie.

984 1338 1092 1372 Causa
1117 1338 1317 1371 substituens

1033 1388 1152 1429 Creata
1177 1387 1293 1431 omnia,

987 1435 1111 1469 Cuncta
1139 1435 1324 1469 coambiens

1030 1484 1285 1530 omnipotentia7

986 1533 1038 1567 Sis
1063 1543 1122 1566 nos
1148 1534 1324 1566 instituens

1035 1583 1089 1616 Ad
1115 1583 1290 1625 spiritalia,

984 1632 1069 1672 Quos
1095 1632 1199 1664 hostis
1225 1632 1374 1665 saeviens

1034 1680 1153 1714 Trahit
1178 1681 1220 1714 ad
1247 1681 1338 1714 vit-ia.

986 1739 1055 1773 Ens
1081 1749 1099 1772 o
1126 1738 1313 1783 gignificum

1033 1787 1249 1822 Ineffabiliter

992 1838 1132 1871 Verbum
1150 1836 1334 1882 mirificum,

1039 1887 1105 1921 Sed
1130 1888 1336 1929 naturaliter,

990 1937 1143 1970 Amorem
1172 1937 1298 1970 deicum

1038 1986 1207 2027 Spirantes
1234 1987 1371 2031 pariter,

991 2035 1052 2076 Qui
1077 2039 1197 2068 statum
1226 2036 1383 2070 caelicum

1039 2084 1105 2118 Det
1128 2085 1223 2118 nobis
1245 2085 1401 2127 pleniter.

991 2143 1218 2183 Intelligibilis

1040 2191 1190 2233 Divaque
1214 2193 1346 2233 veritas,

992 2239 1152 2281 Splendet
1176 2241 1211 2273 in
1237 2242 1362 2283 angelis

1045 2289 1142 2323 Cuius
1167 2288 1389 2334 profunditas,

995 2339 1028 2371 A
1052 2338 1117 2370 tuis
1144 2338 1276 2373 famulis

1042 2387 1192 2420 Pellatur
1217 2387 1346 2422 falsitas

994 2435 1041 2469 Et
1067 2445 1138 2469 cum
1164 2437 1319 2478 periculis

1045 2486 1159 2519 Omnis
1186 2487 1348 2528 impietas,
