1650 2671
186 212 265 246 115.
294 213 376 255 Ave,
404 212 494 245 sidus
521 212 665 253 rutilum,

343 262 424 302 Ave,
451 260 549 294 radix
574 260 673 300 Iesse,

295 309 485 343 Produxisti
511 309 676 341 surculum

710 112 976 148 —192-

341 358 430 399 Quae
458 359 499 391 de
525 358 607 390 caeli
629 366 744 399 messe,

295 407 371 441 Cum
398 416 461 448 me,
489 409 579 439 tuum
605 405 773 449 famulum,

341 455 431 489 Mori
458 459 507 489 est
531 465 676 499 necesse,

291 506 357 539 Per
382 507 415 537 te
440 505 536 538 istum
563 505 700 538 iubilum

340 554 421 587 Peto
447 558 525 588 tunc
552 555 678 590 adesse.

183 634 261 667 116.
290 634 375 674 Ave,
401 632 602 666 honorabilis

343 682 438 715 Omni
464 682 652 727 christiano,

292 732 394 771 Quam
418 731 469 763 his
494 731 628 765 laudum
654 732 758 765 titulis

341 780 456 813 Colere
480 789 638 823 propono,

290 828 388 862 Solve
411 838 464 861 me
489 838 509 862 a
536 829 682 872 vinculis,

339 878 471 921 Precor,
499 881 554 910 tuo
583 879 677 923 dono,

288 927 347 960 Me
372 926 600 959 commendans
627 928 763 968 singulis

336 975 437 1008 Horis
464 984 587 1008 summo
614 977 698 1009 bono

184 1054 264 1087 117.
292 1055 374 1097 Ave,
401 1055 472 1096 apis
498 1054 579 1086 utile

340 1102 430 1135 Dans
455 1102 638 1135 mellificam
644 1113 692 1143 en,

290 1152 383 1192 Quod
408 1151 526 1185 mentis
552 1152 716 1193 culpabile

337 1199 442 1233 Solvit
466 1201 655 1241 religamen,

288 1250 340 1282 Da
365 1258 425 1289 per
449 1249 545 1282 huius
570 1251 680 1283 nobile

341 1297 467 1331 Cantici
490 1298 632 1331 libamen

288 1347 374 1381 Mihi
401 1348 448 1379 tui
474 1347 591 1380 stabile

336 1395 484 1429 Nominis
510 1405 667 1432 amamen.

184 1475 265 1509 118.
292 1475 374 1514 Ave,
403 1477 638 1515 temperantiae

336 1524 458 1556 Forma
483 1524 672 1564 exemplaris

287 1573 331 1605 Et
359 1571 585 1605 oboedientiae

339 1619 464 1653 Norma
489 1620 673 1661 singularis,

291 1670 463 1712 Speculum
488 1669 632 1702 iustitiae

335 1718 437 1751 Recte
460 1718 671 1760 praedicaris

286 1768 396 1801 Mater
422 1768 604 1808 sapientiae

336 1816 383 1849 Es
410 1820 442 1848 et
466 1816 653 1852 nominaris

176 1897 258 1930 119.
284 1897 367 1933 Ave,
396 1895 495 1938 virgo,
523 1896 637 1928 nuntia

333 1944 396 1976 Dei
421 1945 565 1985 pietatis,

290 1993 386 2027 Cums
414 1993 568 2027 mundum
595 1998 701 2035 gratia

337 2042 442 2075 Solvit
463 2052 482 2075 a
507 2045 663 2086 peccatis,

287 2092 465 2125 Succurrat,
489 2101 576 2124 nunc
600 2093 692 2126 mitia

336 2140 408 2172 Tua
433 2141 598 2173 tribulatis

288 2189 453 2224 Praebens
479 2189 529 2222 his
556 2191 678 2223 solacia

334 2238 425 2270 Tuae
449 2238 614 2273 bonitatis,

180 2320 259 2354 120.
287 2319 371 2361 Ave,
400 2317 496 2350 stella
520 2316 643 2360 lucida,

333 2365 431 2400 Cuius
457 2375 518 2407 per
543 2366 703 2399 micamen

288 2418 383 2451 Mens
408 2423 557 2449 maerore
582 2415 690 2448 lurida

339 2465 442 2498 Sumit
471 2465 683 2507 delectamen,

998 211 1068 244 Tua
1094 212 1167 246 luce
1193 210 1321 253 fulgida

1048 260 1115 292 Des
1142 260 1370 302 astipulamen‚

998 308 1122 350 Fugem
1148 313 1257 342 mente
1278 310 1420 351 provida

1043 358 1157 391 Hostis
1183 368 1246 400 quo
1272 357 1477 394 fraudamen.

890 437 971 471 121.
997 437 1078 480 Ave,
1107 438 1207 479 stirps
1234 437 1381 470 salvifica

885 859 965 892 122.

881 1280 936 1312 125
954 1308 960 1313 .

877 1699 957 1733 124.

880 2121 963 2155 125.

1042 485 1166 519 Ferens
1192 486 1406 529 medicamen,

993 535 1056 568 Per
1081 536 1167 576 quod
1191 535 1285 575 plebs
1314 536 1475 570 catholica

1041 583 1146 616 Sumit
1170 592 1368 626 roereamen,

989 633 1111 666 Mentis
1138 632 1315 666 reaedifica

1039 683 1134 715 Meae
1159 683 1355 726 laceramen,

988 731 1094 764 Fraus
1121 731 1208 772 quod
1234 730 1337 764 infert
1361 732 1489 765 hostica

1035 779 1204 821 Frequens
1230 789 1291 821 per
1314 782 1491 815 luctamen.

988 860 1071 899 Ave,
1100 858 1222 891 Christi
1247 859 1379 893 Domini

1036 907 1145 940 Mater
1171 911 1205 940 et
1229 909 1361 950 ancilla,

989 958 1054 990 Per
1079 966 1175 997 quam
1202 957 1322 990 dantur
1348 958 1470 990 homini

1036 1004 1200 1046 Tempora
1225 1006 1413 1051 tranquilla,

988 1054 1101 1087 Sectas
1130 1058 1182 1087 tuo
1208 1055 1331 1087 nomini

1033 1103 1203 1136 Adversas
1226 1103 1355 1144 sugilla,

990 1151 1111 1185 Contra
1136 1154 1169 1184 te
1194 1161 1272 1192 quas
1298 1151 1397 1185 inferi

1036 1201 1204 1234 Construit
1229 1201 1383 1243 anguilla.

986 1280 1069 1318 Ave,
1099 1281 1150 1311 cui
1173 1279 1294 1312 mittito

1035 1328 1141 1361 Dulce
1166 1328 1357 1372 salutamen,

987 1379 1152 1418 Quaerens
1178 1378 1274 1410 modo
1303 1378 1413 1411 debito

1035 1425 1140 1458 Tuum
1166 1425 1373 1468 adiuvamen,

987 1473 1140 1516 Infunde,
1166 1479 1201 1507 te
1226 1473 1348 1517 flagito,

1039 1523 1173 1556 Gratiae
1198 1525 1373 1563 stillamen,

987 1572 1069 1613 Quia
1093 1577 1202 1605 mente
1226 1571 1318 1606 fluito

1035 1620 1151 1654 Noxae
1176 1621 1216 1654 ob
1244 1630 1432 1663 gravamen.

983 1701 1066 1739 Ave,
1094 1709 1190 1741 quam
1217 1700 1409 1734 clementiae

1033 1748 1193 1790 Vitaeque
1216 1750 1369 1783 honestas

983 1798 1133 1831 Exornat
1158 1803 1192 1831 et
1216 1799 1323 1840 gratia

1033 1846 1227 1889 Summaque
1250 1851 1407 1889 potest-as,

989 1896 1164 1930 Passiones
1190 1897 1289 1936 ascia,

1036 1945 1218 1987 Deprecor,
1244 1945 1402 1991 funestas,

989 1995 1066 2036 Quis
1092 1998 1268 2029 causantur
1294 1997 1375 2029 vitia

1035 2044 1082 2077 Et
1107 2045 1225 2077 mentis
1251 2049 1389 2086 egestas.

989 2125 1073 2165 Ave,
1098 2123 1344 2167 praeamabilis,

1036 2171 1134 2204 Cuius
1161 2172 1343 2206 hilaramen

988 2220 1092 2253 Nobis
1119 2222 1183 2254 tuis
1209 2220 1341 2254 famulis

1036 2269 1179 2302 Praebet
1204 2272 1421 2313 consolamen,

990 2318 1127 2360 Largire
1153 2319 1348 2352 christicolis

1036 2367 1125 2400 Illud
1151 2378 1212 2409 per
1235 2368 1372 2403 effamen

989 2418 1026 2450 In
1055 2418 1181 2451 cunctis
1206 2418 1363 2458 periculis

1035 2465 1142 2499 Tuum
1168 2466 1389 2502 sublevamen.
