1650 2671
761 126 1023 161 —119—

216 222 373 266 81.Ave,
400 222 488 266 Iesu,
517 224 607 256 cuius
636 224 793 258 divinitas

289 271 389 304 Nullo
405 281 547 313 unquam
562 272 628 305 fine
643 273 861 315 concluditur,

289 320 484 354 Consoletur
509 330 571 362 per
595 324 629 354 te
655 323 851 362 humanitas,

286 368 375 409 Quae
403 369 544 404 diversis
571 371 666 404 malis
693 371 859 405 atteritur.

214 464 271 497 82.
288 462 371 507 Ave,
397 463 484 505 Iesu,
512 463 602 497 Deus
629 464 798 505 altissime,

285 512 384 546 Caelo
410 522 552 554 regnans
578 514 826 557 perpetualiter,

287 559 510 606 Declinemus‚
533 562 584 606 da,
605 562 861 603 prudentissime

285 610 501 643 Blandientes
527 611 622 644 nobis
649 610 824 645 fallaciter.

214 705 271 737 83.
288 705 370 742 Ave,
399 705 476 737 Iesu
502 703 660 738 fundator
685 705 810 746 inclite,

290 753 594 786 Tabernaculorum
621 754 821 787 caelestium.

286 802 342 835 Ad
372 811 456 843 quae
474 805 507 834 te
525 803 722 836 inducamur
741 803 860 835 comite

284 850 354 883 Nos
387 854 420 883 et
456 854 592 884 cunctae

359 900 476 933 turbae
506 899 665 935 fidelium.

212 994 268 1027 84.
283 993 366 1036 Ave,
394 993 479 1035 Iesu,

358 1051 419 1084 per
445 1052 541 1084 quem
567 1043 770 1077 absolvimur

286 1092 318 1124 A
345 1092 539 1133 captivitate
567 1092 700 1136 diaboli,

287 1142 369 1175 Cum
387 1150 407 1173 a
424 1141 519 1173 malis
534 1142 579 1175 ad
591 1144 625 1174 te
639 1141 860 1174 convertimur

287 1190 508 1231 Deplorantes
533 1200 592 1223 nos
619 1193 708 1224 motu
731 1188 844 1223 flebili.

215 1284 373 1327 85.Ave,
402 1283 487 1326 Iesu,
516 1284 624 1316 suavis
653 1287 685 1316 et
711 1284 840 1324 patiens

287 1332 380 1365 Mala
405 1342 465 1365 sua-
490 1342 569 1366 vere
595 1332 837 1375 plangentibus,

287 1381 349 1422 Da,
377 1384 412 1413 ut
438 1382 542 1423 legem
561 1386 650 1415 tuam
671 1382 858 1415 custodiens

285 1431 379 1472 Iungi
407 1431 531 1472 possim
558 1434 591 1464 te
618 1431 841 1473 diligentibus,

212 1526 269 1558 86.
284 1524 367 1567 Ave,
399 1522 646 1558 fundamentum
675 1524 843 1567 ecclesiae,

287 1573 459 1606 Vocitatur
486 1583 569 1615 quae
594 1574 658 1607 Dei
686 1574 813 1617 civitas,

283 1624 388 1663 Quam
402 1624 523 1655 circum
529 1624 610 1656 dant
617 1623 701 1657 caeli
709 1624 858 1661 militiae,

283 1671 350 1705 Ubi
375 1681 502 1705 summa

360 1725 477 1763 regnat,
502 1722 735 1763 tranquillitas,

211 1816 269 1850 87.
285 1818 368 1858 Ave,
395 1816 485 1849 Deus
512 1816 628 1849 salutis
654 1816 808 1858 omnium,

286 1864 471 1898 Inferorum
490 1863 657 1907 profunda
669 1868 858 1907 penetrans,

284 1915 390 1947 Tuum
416 1914 512 1947 nobis
541 1915 634 1949 defer
660 1914 828 1959 auxilium,

286 1964 372 2005 Quos
393 1964 544 1997 devastat
563 1964 667 1997 hostis
685 1963 858 2000 insidians,

209 2056 265 2091 88.
280 2055 364 2096 Ave,
385 2055 471 2096 Iesu,
492 2063 587 2095 quem
605 2053 858 2095 primogenitum

282 2104 385 2137 Pater
402 2104 497 2145 ponit
512 2104 545 2136 in
565 2104 699 2137 summis
719 2103 856 2147 civibus,

285 2154 507 2187 Turbatorum
534 2154 664 2195 respice
690 2153 857 2196 gemitum,

282 2203 352 2237 Hos
379 2213 398 2236 a
424 2203 538 2236 mundi

353 2253 485 2287 salvans
514 2252 710 2286 turbinibus

207 2344 265 2378 89.
281 2343 364 2385 Ave,
393 2343 552 2384 splendor
578 2341 843 2385 luminosissima,

279 2394 380 2434 Quem
410 2393 533 2426 emittit
550 2395 692 2435 paterna
710 2391 856 2433 claritas,

281 2442 370 2476 Luce
396 2445 452 2476 tua
478 2443 636 2483 pauperis
663 2441 792 2474 animae

279 2492 498 2533 Propulsetur
525 2492 629 2525 omnis
652 2491 850 2525 obscenitas,

924 226 980 260 90.
997 228 1078 268 Ave,
1107 226 1196 259 cuius
1222 233 1283 265 per
1309 224 1511 257 adiutorium

995 276 1062 309 Hic
1088 275 1129 308 ab
1155 273 1298 306 inimicis
1323 273 1537 314 protegimur,

997 324 1077 357 Esto
1105 331 1235 363 semper
1261 331 1369 355 meum
1395 320 1566 363 refugium.

996 372 1033 405 In
1044 382 1139 414 quem
1147 371 1226 405 forti
1236 380 1295 412 spe
1305 379 1392 404 nunc
1402 371 1567 412 erigimur.

923 466 1077 507 91.Ave‚
1105 467 1191 509 Iesu,
1220 465 1365 507 palmeta
1392 465 1515 497 caelica

997 514 1185 547 Gratiarum
1205 512 1382 547 infundens
1395 513 1567 554 imbribus,

995 563 1234 604 Depromentes

1069 613 1269 653 psalmorum
1298 612 1426 644 cantica

995 661 1064 693 Nos
1084 662 1243 701 coniunge
1261 661 1344 693 caeli
1358 658 1563 693 florentibus.

923 755 979 787 92.
997 754 1080 794 Ave,
1107 753 1193 794 Iesu5
1222 752 1277 794 qui
1305 752 1553 793 pulchritudine

994 802 1042 835 Es
1053 802 1199 841 indutus,
1215 804 1251 833 ut
1266 802 1362 834 docet
1370 801 1565 841 symbolum,

994 851 1142 884 Mentem
1162 859 1267 882 meam
1285 854 1321 882 tu
1340 851 1561 883 sanctitudine

995 900 1093 942 orna,
1105 901 1139 933 in
1150 908 1214 940 qua
1222 908 1338 940 regnes
1348 900 1381 931 in
1388 900 1566 935 saeculum.

921 995 978 1028 93.
992 995 1075 1037 Ave,
1102 993 1185 1035 legis
1211 996 1288 1026 tuae
1313 993 1461 1032 scientia.

994 1043 1046 1075 Ne
1073 1043 1275 1083 delinquant,

1065 1091 1209 1125 informa
1233 1091 1391 1130 homines,

993 1141 1064 1174 Tua
1092 1140 1172 1173 mihi
1199 1140 1281 1172 assis
1306 1141 1456 1181 potentia

996 1189 1206 1224 Concertanti
1215 1190 1373 1222 adversus
1382 1190 1568 1224 daemones.

922 1285 979 1317 94.
994 1284 1077 1326 Ave,
1105 1284 1182 1316 olim
1209 1292 1316 1316 escam
1344 1292 1384 1316 ex
1410 1287 1487 1316 aere

992 1334 1045 1365 Ac
1055 1342 1094 1365 ex
1104 1336 1199 1374 petra
1210 1331 1414 1373 profundens
1423 1334 1567 1375 laticem,

993 1382 1062 1414 Nos
1088 1382 1262 1414 mundatos
1289 1382 1377 1414 omni
1408 1381 1565 1426 facinore,

994 1431 1152 1465 Obtinere
1178 1429 1232 1463 fac
1260 1431 1342 1463 caeli
1368 1432 1507 1471 apicem.

921 1527 979 1559 95.
994 1526 1077 1568 Ave,
1107 1526 1197 1557 cuius
1224 1533 1283 1557 nos
1307 1525 1491 1558 incarnatio

993 1575 1046 1607 Ab
1072 1573 1196 1607 inferni
1222 1574 1356 1606 reduxit
1382 1573 1544 1617 faucibus,

990 1624 1091 1657 Unde
1115 1625 1203 1656 iuste
1226 1626 1261 1655 te
1285 1626 1400 1656 nostra
1423 1625 1532 1657 contio

994 1672 1186 1706 Nuntiando
1212 1672 1330 1705 laudat.
1351 1674 1385 1705 in
1403 1674 1566 1715 gentibus.

925 1769 981 1802 96.
996 1767 1080 1811 Ave,
1107 1767 1193 1808 Iesu,
1222 1765 1264 1798 de
1289 1766 1503 1800 tabernaculo

996 1816 1074 1849 Alvi
1093 1818 1227 1849 sanctae
1243 1815 1401 1855 prodiens
1420 1816 1567 1859 virginis,

994 1865 1215 1904 Adiuvamen,
1242 1868 1275 1896 te
1303 1874 1423 1906 quaeso
1441 1866 1566 1910 sedulo,

996 1913 1185 1949 Confessori
1211 1913 1252 1946 da
1279 1915 1327 1946 tui
1352 1916 1504 1949 nominiS.

921 2003 977 2039 97.
995 2004 1078 2048 Ave,
1107 2004 1252 2037 salutare
1278 2004 1442 2045 eximium,

993 2053 1115 2086 Notum
1122 2052 1203 2086 fecit
1212 2054 1299 2094 quod
1306 2053 1396 2086 Deus
1403 2055 1548 2096 gentibus

994 2104 1074 2137 Post
1100 2102 1200 2136 finale
1227 2111 1363 2136 examen
1386 2105 1568 2144 praemium

997 2152 1101 2185 Nobis
1129 2153 1215 2186 dona

1069 2211 1140 2235 cum
1167 2202 1289 2235 sanctis
1316 2203 1476 2244 omnibus,

882 2329 888 2335 .
920 2293 976 2327 98.
992 2293 1076 2335 Ave,
1104 2293 1190 2332 Iesu,
1220 2300 1280 2324 rex
1306 2292 1524 2337 admirabilis,

993 2341 1092 2375 Cuius
1118 2342 1223 2375 honor
1250 2344 1338 2374 amat
1363 2342 1531 2380 iudicium,

990 2391 1134 2425 Multum
1149 2391 1244 2425 malis
1259 2392 1315 2433 qui
1330 2395 1378 2424 est
1389 2392 1560 2425 terribilis.

991 2441 1087 2483 Mihi,
1115 2449 1246 2483 quaeso,

1065 2491 1190 2532 praebe
1215 2491 1406 2531 propitium.
