1650 2671
659 620 698 652 X.
719 619 915 653 Psalterium
935 617 1086 651 Primum.

616 722 810 763 Hymnus
836 721 1138 763 prooemialis.

444 810 476 847 1.
505 812 531 845 Ο
558 810 724 844 Nazareni
749 808 841 842 floris
866 809 964 842 radix
990 809 1113 852 inclita,

508 861 610 900 Quem
640 859 820 900 concepisti
848 859 889 892 de
915 867 1056 898 superno
1083 859 1269 899 pneumate,

505 908 655 942 Tandem
683 907 780 940 enixa
805 908 897 949 virgo
925 910 1032 939 tamen
1058 914 1242 950 permanes,

509 958 608 991 Vultu
635 965 752 990 sereno
778 966 837 989 nos
864 955 1005 997 benigne
1030 956 1170 997 respice,

503 1007 598 1041 Odae
624 1005 808 1047 praesentis
837 1006 913 1039 dum
939 1005 1073 1039 litamus
1101 1004 1277 1040 victimam,

446 1097 479 1129 2.
509 1095 567 1129 Nil
594 1095 658 1128 hoc
683 1092 833 1135 profecto
860 1093 959 1127 altius
985 1093 1152 1138 mysterio,

509 1145 579 1186 Quo
606 1143 842 1184 comprobatur
867 1142 1040 1176 humanari
1067 1142 1182 1186 deitas,

506 1193 623 1227 Mundi
650 1194 816 1225 auctorem
842 1193 1028 1225 creaturam
1055 1190 1143 1224 effici

506 1243 653 1283 Eiusque
677 1241 775 1274 lactis
801 1241 894 1282 pasci
919 1241 1084 1282 alimonia,

509 1292 608 1325 Cuius
635 1293 684 1323 est
709 1291 780 1332 ipse
809 1290 940 1324 essendi
965 1290 1177 1332 principium.

444 1382 477 1415 3.
504 1380 568 1413 Dei
594 1379 750 1422 perennis
778 1387 896 1422 nempe
922 1381 1031 1411 exstat
1056 1378 1154 1421 filius,

514 1430 579 1462 Per
605 1428 789 1470 genituram
814 1439 835 1462 a
861 1436 923 1470 quo
949 1436 1080 1469 semper
1102 1427 1257 1471 nascitur,

512 1479 806 1520 Praenuncupatus
833 1485 890 1510 ore
917 1477 972 1518 qui
996 1477 1191 1518 prophetico

509 1527 706 1561 Emmanuel
732 1530 780 1559 est
807 1527 876 1559 sive
901 1525 1080 1559 Nobiscum
1108 1526 1207 1566 Deus,

511 1578 576 1611 Per
603 1585 697 1617 quem
725 1576 850 1609 creavit
876 1577 994 1608 cuncta
1019 1574 1205 1610 existentia.

441 1668 474 1701 4.
504 1667 592 1701 Hinc
617 1674 652 1698 se
681 1665 860 1700 videndum
888 1665 1057 1705 praestitit
1081 1664 1286 1710 mortalibus,

505 1716 560 1750 Ex
587 1717 631 1759 te,
661 1714 769 1758 beata,
796 1724 915 1756 corpus
941 1723 1072 1747 sumens
1098 1715 1229 1759 leteum,

504 1765 561 1807 Ut,
591 1764 669 1797 <lum
698 1764 857 1798 caducum
883 1765 996 1805 portat
1021 1767 1174 1797 aeternus
1201 1763 1301 1807 Deus,

506 1813 663 1848 Transire
689 1816 838 1846 nostrum
865 1815 979 1855 posset
1003 1813 1046 1846 ad
1073 1813 1239 1854 caelestia,

500 1863 605 1897 Carne
630 1865 822 1904 peremptus
850 1865 883 1895 et
908 1863 1091 1896 resurrexit
1113 1863 1215 1896 Deus.

439 1955 471 1987 5.
501 1953 609 1997 Hunc,
640 1952 734 1994 virgo
762 1953 920 1994 prudens,
947 1952 1013 1984 tuis
1039 1951 1136 1985 flecte
1161 1952 1325 1997 precibus,

508 2003 558 2038 Ut
583 2011 642 2035 nos
672 2001 826 2043 dignetur
854 2003 938 2036 dono
962 2002 1145 2043 sapientiae

503 2051 708 2093 Illuminare,
736 2061 799 2093 quo
827 2054 884 2085 tua
909 2051 1087 2092 praeconia

502 2102 617 2135 Mente
643 2101 774 2134 sincera
800 2101 984 2135 recolamus
1009 2100 1131 2143 iugiter

498 2152 565 2185 Per
591 2149 722 2185 infinita
748 2152 957 2185 saeculorum
984 2151 1127 2186 saecula.

679 2261 1004 2303 Quinquagena
1035 2261 1062 2296 I.

190 2351 322 2391 LAve,
350 2350 456 2393 virgo,
484 2350 609 2386 Christi
636 2359 814 2393 puerpera,
907 2351 939 2384 2.
954 2350 1037 2393 Ave,
1067 2350 1171 2393 virgo,
1202 2360 1299 2392 quam
1325 2352 1522 2393 geneologus

236 2401 319 2435 Cum
351 2410 414 2442 quo
433 2400 627 2434 iucundaris
645 2400 678 2433 in
698 2400 842 2442 aethere,
958 2400 1120 2434 Genuisse
1146 2399 1253 2434 Deum
1281 2401 1449 2445 explicuit,

237 2450 349 2484 Vitam
378 2459 495 2495 meam,
524 2459 636 2495 exoro,
664 2459 836 2492 prospera,
952 2450 1001 2483 Te
1028 2451 1173 2484 delectet
1197 2459 1312 2483 versus
1337 2451 1524 2495 semilogus,

237 2499 285 2534 Ut
311 2499 374 2533 hac
399 2500 463 2533 oda
495 2503 528 2533 te
554 2500 686 2533 laudem
713 2500 828 2535 libere.
955 2500 1055 2541 Quem
1082 2499 1193 2543 poesis
1218 2503 1324 2532 mater
1351 2499 1473 2532 elicuit.
