1650 2671
249 226 305 261 70.

251 649 308 684 71.

254 1072 310 1105 72.

251 1495 309 1529 73.

257 1919 315 1953 74.

332 227 415 267 Ave,
443 235 540 267 quam
567 228 723 261 nativitas

379 275 524 310 Decorat
549 277 680 318 regalis,

335 324 405 358 Nec
430 334 493 358 non
520 335 646 359 morum
672 326 820 369 probitas

383 373 479 408 Vitae
506 375 685 418 virginalis,

332 423 493 457 Thesauri
516 425 679 466 potentias

381 473 474 506 lntra
501 474 664 514 divinalis,

334 521 481 555 Affectus
510 524 591 557 dans
617 523 740 565 gratias

382 571 467 605 Mihi
491 573 694 607 maternalis.

336 651 419 694 Ave,
446 660 464 684 o
491 649 565 684 fons
590 651 753 693 imbrium,

388 699 578 734 Gratiarum
605 701 705 740 stilla,

336 748 444 782 Corda
469 749 690 783 innocentium

384 798 525 831 Faciens
551 797 739 838 tranquilla,

336 846 438 879 Fluat
462 846 672 884 stillicidium„

384 895 455 927 Tua
483 895 523 927 de
548 894 704 934 mamilla,

333 943 426 984 Quod
452 944 515 976 vim
542 943 648 985 pellat
672 943 814 976 hostium

384 993 495 1034 Stygis
522 1002 596 1025 cum
622 992 777 1035 anguilla.

340 1074 421 1114 Ave,
451 1080 547 1112 quam
574 1080 634 1111 per
659 1071 807 1104 sedulum

387 1120 517 1155 Cultum
544 1129 748 1161 veneramur,

339 1170 420 1204 Cum
447 1178 507 1210 per
531 1169 650 1202 mentis
676 1169 813 1202 iubilum

385 1220 424 1252 Iu
450 1221 484 1251 te
509 1218 735 1260 iucundamur,

336 1267 490 1301 Satanan}
517 1269 551 1301 in
577 1268 715 1301 nihilum

387 1316 523 1359 Redige,
550 1325 735 1359 precamur,

336 1366 388 1399 Ne
413 1369 489 1408 post
511 1367 600 1399 istud
628 1366 792 1399 saeculum

387 1417 454 1450 Per
479 1416 566 1449 hunc
593 1414 840 1449 confundamur.

336 1495 419 1537 Ave,
449 1498 563 1527 contus
591 1497 761 1527 conterens

386 1545 494 1585 Caput
522 1544 723 1586 Sataninum,

337 1594 385 1628 Ut
410 1593 477 1626 fert
502 1596 617 1626 auctor
642 1590 814 1634 proferens

386 1643 599 1684 Praeceptum
631 1643 786 1683 divinum,

337 1693 500 1734 Impetum
528 1693 572 1725 sis
598 1690 751 1725 auferens

386 1745 415 1775 A
443 1742 538 1774 nobis
566 1742 727 1781 caninum,

337 1791 602 1824 Blandimentum
630 1788 802 1823 conferens

387 1841 480 1874 Pium
507 1849 546 1873 ac
572 1840 736 1881 agninum.

342 1920 424 1959 Ave,
453 1917 669 1951 refertissima

391 1969 497 2002 Navis
523 1968 696 2010 institoris,

342 2018 437 2052 Dona
464 2016 574 2050 ferens
600 2017 724 2058 optima

393 2068 444 2102 Dc
471 2068 633 2100 caelorum
663 2065 754 2107 foris,

340 2116 448 2151 Aufer
474 2116 515 2150 ab
543 2116 682 2150 ecclesia

395 2167 538 2203 Calicem
565 2166 734 2203 maeroris,

343 2217 474 2250 Patitur
500 2225 584 2259 quae
608 2216 753 2256 plurima

393 2268 486 2300 Intus
514 2270 613 2308 atque
639 2264 730 2299 foria

307 2377 312 2383 .
340 2349 423 2390 Ave,
453 2346 682 2381 suavissimum

390 2398 517 2432 Nomen
545 2407 563 2430 o
589 2396 709 2437 Maria,

341 2448 434 2490 Quod
466 2447 619 2481 devotum
646 2446 789 2479 animum

388 2495 512 2531 Reficit
533 2497 566 2530 in
593 2496 658 2539 via,

878 129 949 165 263

1040 230 1104 262 Per
1129 229 1191 262 hoc
1216 229 1339 261 hostem
1367 226 1546 271 pessimum

1089 278 1205 320 Abige,
1234 278 1372 310 maestia

1043 328 1103 369 Qui
1128 336 1181 360 me
1206 329 1305 360 vexat
1329 325 1516 367 plurimum,

1090 376 1194 417 Turpi
1219 376 1402 418 phantasia.
1531 375 1538 381 '

957 456 1013 490 76.
1035 456 1118 496 Ave,
1147 455 1188 488 de
1214 464 1276 497 qua
1299 454 1442 488 meditor

1088 503 1161 538 Hac
1186 505 1220 537 in
1246 503 1432 545 hymnodia,

1039 554 1127 594 Quae
1154 554 1232 586 mihi
1258 553 1388 585 suavior

1090 602 1152 636 Est
1175 602 1261 635 omni
1284 600 1439 643 melodia,

1041 651 1210 688 Miserere,
1240 650 1410 692 deprecor,

1087 699 1166 737 Mei,
1195 700 1286 740 virgo
1309 699 1374 740 pia,

1043 748 1198 782 Omnibus
1226 748 1375 780 miserior

1090 796 1223 830 Miseris
1251 805 1321 828 sum
1349 795 1434 837 quia.

958 875 1013 909 77.
1040 875 1123 914 Ave,
1151 874 1250 907 arbor
1277 874 1419 906 caelicae

1090 923 1344 960 Benedici-ionis,

1040 974 1128 1014 Quae
1155 972 1397 1005 ecclesiasticae

1093 1021 1361 1064 congregationis

1044 1071 1203 1112 Populum
1229 1069 1401 1111 magnifice

1094 1120 1190 1154 Gibas
1218 1119 1281 1152 tuis
1310 1119 1420 1160 donis2

1044 1169 1160 1202 Gratia
1185 1179 1237 1202 me
1262 1167 1360 1201 refice

1092 1218 1329 1252 Absolutionis.

961 1297 1017 1332 78.
1044 1298 1127 1337 Ave,
1156 1307 1250 1338 quam
1277 1296 1432 1329 nobilitas

1096 1346 1311 1381 Commendat
1337 1345 1467 1388 regalis,

1044 1396 1251 1437 Prophetalis
1280 1395 1422 1436 dignitas

1090 1445 1136 1478 Et
1161 1444 1389 1485 sacerdotalis,

1044 1494 1201 1528 Sublevet
1226 1494 1285 1533 hos
1312 1493 1418 1534 pietas

1091 1544 1164 1578 Tua
1189 1543 1348 1584 liberalis,

1043 1593 1209 1634 Deprimit
1235 1601 1314 1635 quos
1341 1591 1485 1634 gravitas

1094 1643 1219 1683 Culpae
1247 1640 1434 1675 criminalis.

959 1724 1014 1756 79.
1043 1722 1125 1762 Ave,
1153 1722 1251 1754 stella
1276 1721 1421 1764 radianS,

1093 1771 1197 1805 Stella
1222 1771 1396 1812 luminosa,

1047 1820 1180 1853 Virtute
1204 1820 1394 1853 illuminans

1097 1870 1206 1904 Corda
1230 1869 1416 1910 tenebrosa,

1047 1919 1128 1953 Esto
1156 1917 1371 1952 reaedificans

1097 1968 1176 2002 Mea
1203 1968 1387 2010 criminosa,

1049 2023 1138 2059 (guae
1163 2016 1254 2050 ferus
1281 2020 1500 2051 extermmans

1096 2066 1192 2100 Fecit
1214 2066 1342 2102 vitiosa.

953 2147 1022 2185 ¹80.
1050 2147 1133 2187 Ave,
1160 2149 1266 2180 mater
1294 2148 1407 2180 caelici

1098 2195 1260 2229 Horreum
1289 2195 1456 2240 frumenti,

1050 2245 1118 2286 Quo
1143 2245 1257 2279 vivunt
1283 2247 1436 2280 catholici

1098 2295 1135 2328 In
1162 2295 1231 2329 vita
1255 2297 1433 2338 praesenti,

1049 2345 1140 2379 Tuae
1165 2345 1221 2378 des
1247 2346 1430 2388 hymnidici

1100 2395 1314 2429 Cons01amen
1335 2396 1448 2438 menti,

1048 2444 1153 2479 Ictum
1182 2445 1338 2479 diabolici

1099 2496 1262 2536 Impetum
1289 2495 1427 2530 timenti.
