1650 2671
174 206 232 241 45.

173 611 231 644 46.

172 1509 227 1541 51.

175 1911 229 1942 52.

169 2314 225 2348 53.

259 206 341 246 Ave,
370 206 402 238 vi
430 204 546 238 deifica

312 254 537 296 Comprimens
562 256 738 298 versutum,

257 305 427 345 Frangens
455 304 523 336 eius
548 303 669 335 bellica

305 353 418 394 Arma,
447 361 567 396 arcum,
595 355 732 394 scutum⁷

258 403 401 435 Tristem
427 411 478 434 me
505 400 657 442 laetifica,

305 451 445 485 Domine
472 451 636 494 virtutum,

255 501 301 534 Et
324 501 388 534 iter
414 501 457 534 ad
484 500 606 532 caelica

303 550 387 583 Mihi
413 559 495 591 para
520 551 635 584 tutum.

259 609 340 645 Ave,
368 609 424 651 qui
448 609 481 640 vi
504 608 641 649 propria

305 659 419 692 Caelos
445 657 634 697 ascendisti,

257 707 371 740 Carnis
399 716 471 739 cum
495 706 677 738 substantia

306 757 398 789 Patri
425 755 616 798 consedisti,

255 805 303 837 Te
327 805 442 838 laudat
468 804 614 841 ecclesia,

306 855 408 893 Quam
430 858 465 886 tu
490 853 627 895 elegisti,

258 903 316 936 Cui
344 903 510 936 doctrinae
538 902 643 942 gratia

306 951 425 984 Gentes
451 951 629 983 subiecisti.

224 1038 231 1044 .
258 1010 340 1050 Ave,
368 1010 457 1042 cuius
485 1010 618 1042 comitas

303 1059 560 1091 Praedicationis

254 1107 421 1140 Fundavit
446 1107 599 1139 ecclesias

304 1156 551 1198 ExsultationiS,

253 1205 299 1238 Et
325 1205 451 1237 deiecta
476 1205 592 1237 civitas

301 1253 364 1286 Est
390 1252 599 1295 confusionis,

255 1303 318 1335 Pro
345 1312 408 1343 qua
433 1302 537 1344 surgit
562 1302 689 1335 novitas

301 1351 576 1385 ConversationiS.

815 106 861 141 90
914 125 958 129 —

877 205 935 239 48.
964 207 1044 245 Ave,
1072 206 1233 246 sapientia

872 610 928 642 49.

870 1011 927 1044 50.

1010 253 1072 286 Dei
1097 255 1286 299 maiestatis,

958 302 1158 336 Succurrens
1183 312 1251 336 cum
1280 303 1387 345 gratia.

1006 351 1108 385 Fame
1133 351 1279 394 fatigatis

958 401 1070 441 Gravi,
1097 410 1149 434 me
1173 400 1316 434 iustifica

1009 451 1161 483 Pressum
1187 460 1207 483 a
1232 450 1387 493 peccatis,

955 500 1081 533 Pabulo
1107 500 1251 532 resarcia

1006 548 1159 582 Summae
1184 548 1343 581 veritatis

959 609 1040 649 Ave,
1067 608 1153 652 Iesu,
1182 607 1324 640 Domine

1004 657 1050 690 Et
1073 658 1162 690 Deus
1191 657 1335 696 deorum,

956 706 1036 740 Cum
1060 710 1155 746 patre
1178 709 1210 738 et
1234 705 1366 738 flamine

1002 755 1040 787 ln
1068 765 1167 797 regno
1195 755 1358 787 caelorum

955 804 1119 845 Regnans.
1146 804 1238 836 verbi
1263 803 1386 836 lumine

1001 853 1111 894 Atque
1135 856 1383 894 praeceptorum

954 902 1109 944 Expurga
1134 902 1284 943 rubigine

1002 951 1071 983 Nos
1098 961 1117 984 a
1141 953 1361 992 peccatorum.

956 1012 1036 1053 Ave,
1065 1009 1240 1043 arbitrarie

1002 1058 1117 1091 Fictor
1142 1059 1246 1091 omnis
1275 1058 1333 1097 rei,

954 1107 1081 1140 Mundo
1107 1106 1244 1140 formam
1270 1107 1382 1139 variae

1002 1155 1094 1189 Dans
1121 1155 1251 1199 effigiei,

953 1204 1011 1237 Me
1036 1214 1056 1236 a
1080 1205 1198 1237 mentis
1226 1204 1314 1237 carie

1002 1254 1138 1293 Munda,
1164 1253 1214 1286 fili
1239 1253 1312 1296 Dei,

955 1304 1016 1342 Qui
1042 1302 1146 1335 clamo
1172 1303 1339 1344 precarie:

1000 1351 1162 1384 Miserere
1185 1352 1260 1386 mei.

631 1439 854 1481 Quinquag
865 1448 912 1472 en
925 1449 943 1471 a
968 1439 1013 1472 11.

257 1509 338 1546 Ave,
367 1509 465 1541 arbor
489 1508 619 1551 nobilis,

304 1556 401 1590 Cuius
427 1557 523 1590 radix
547 1557 623 1589 viva

255 1606 500 1647 Plurimumque
525 1605 644 1638 fertilis

305 1655 414 1687 Veluti
441 1656 537 1695 oliva,

251 1704 329 1736 Mea
354 1713 444 1737 mens
471 1714 491 1737 a
521 1704 656 1736 vinculis

297 1752 417 1786 Mortis
442 1754 592 1786 rediviva

255 1801 324 1835 Fac
351 1811 422 1835 cum
449 1803 530 1835 caeli
555 1802 671 1834 incolis

300 1852 373 1885 Tua
396 1852 440 1884 sit
465 1852 612 1884 conviva.

257 1911 338 1949 Ave,
366 1915 479 1943 auctor
503 1910 633 1951 sapiens

303 1959 399 1992 Vitae
424 1960 599 1993 aeternalis

255 2008 407 2041 Perdidit,
430 2010 589 2050 insipiens

306 2060 407 2097 Quam
434 2067 493 2090 rex
517 2057 699 2099 infernalis,

256 2105 319 2138 Cor
344 2115 447 2139 meum
477 2107 659 2139 caecutiens

303 2155 435 2188 Cunctis
460 2165 566 2198 purga
590 2155 696 2195 malis,

253 2204 345 2244 Quod
371 2204 526 2237 obcaecat
550 2205 698 2237 saeviens

299 2253 412 2286 Timor
436 2254 622 2286 mundialis.

249 2312 331 2355 Ave,
359 2313 447 2345 salus
471 2312 622 2354 hominis,

304 2361 418 2394 Virtus
446 2364 478 2394 et
503 2363 681 2403 susceptor,

252 2411 349 2445 Cuius
374 2412 406 2443 in
434 2411 466 2443 vi
491 2410 631 2443 nominis

300 2460 363 2493 Tui
389 2469 422 2493 es
447 2463 625 2502 protector,

867 1715 923 1748 54.

867 2120 923 2152 55.

955 1507 1076 1541 Contra
1097 1508 1244 1541 fraudem
1275 1509 1440 1541 daemonis

998 1557 1094 1590 Meus
1120 1559 1165 1590 sis
1194 1558 1345 1597 director,

950 1606 998 1639 Ut
1020 1607 1143 1639 virtute
1162 1605 1302 1639 flaminis

999 1655 1080 1689 Eius
1103 1657 1165 1689 sim
1192 1657 1375 1697 despector.

950 1715 1034 1751 Ave,
1062 1715 1117 1756 qui
1144 1716 1324 1758 virginenm

1000 1763 1125 1805 Corpus
1151 1763 1312 1809 infudisti,

951 1812 1108 1846 Sudorem
1135 1814 1346 1855 sanguineum

1001 1863 1136 1901 Quando
1165 1862 1319 1900 effudisti,

952 1911 1067 1944 Carnis
1095 1921 1166 1944 cum
1192 1913 1362 1945 interitum

998 1960 1153 1994 Maerens
1181 1962 1355 2002 expavisti,

951 2009 1030 2042 Cum
1057 2019 1117 2050 pro
1144 2011 1214 2044 vita
1239 2012 1404 2044 hominum

998 2059 1085 2092 Mori
1109 2060 1252 2094 voluisti.

949 2118 1034 2156 Ave,
1060 2119 1318 2160 prudentissime

1002 2167 1098 2200 Orbis
1125 2168 1336 2211 architector,

953 2215 1052 2248 Cuius
1078 2217 1166 2249 vitae
1190 2217 1354 2257 pessimae

998 2264 1109 2297 Iustus
1136 2274 1169 2297 es
1197 2270 1374 2310 corrector,

950 2313 1044 2346 Servi
1068 2314 1118 2346 tui
1143 2315 1271 2347 animae

1001 2362 1149 2396 Clemens
1175 2364 1220 2396 sis
1248 2368 1390 2405 ereptor,

950 2412 1052 2452 Quam
1078 2411 1384 2447 fraudulentissime

997 2457 1177 2503 Impugnat
1203 2462 1370 2504 deceptor.
