1650 2671
740 128 1004 164 —110—

163 227 244 263 124.
260 229 342 269 Ave,
368 226 455 265 Iesu,
483 226 538 267 qui
565 226 766 267 lerosolyma

259 275 400 318 Elegisti
425 275 507 307 mori
532 283 592 315 pro
617 275 752 317 populo,

262 326 358 359 Meae
383 324 471 356 vitae
495 323 529 355 in
555 323 635 356 hora
660 323 777 356 ultima

262 374 320 407 Me
346 383 366 406 a
390 372 503 405 mortis
529 380 625 404 serva
648 372 807 413 periculo.

165 448 244 482 125.
260 449 344 487 Ave,
367 446 453 488 Iesu,
482 445 571 477 cuius
600 445 774 479 clementia

260 496 414 528 Flentum
440 502 570 534 semper

335 543 478 583 assurgit
503 542 669 585 precibus,

265 593 468 626 Seminantes
495 600 554 623 nos
579 592 614 623 in
639 591 776 624 tristitia

259 643 340 676 Post
363 641 448 673 hanc
474 640 573 673 vitam

333 691 430 730 iunge
456 688 687 729 gaudentibus.

168 765 346 806 126.Ave,
374 762 552 795 Samarites
579 762 735 803 piissime,

268 812 393 845 Sanans
420 820 520 851 genus

339 861 511 893 humanum
537 860 693 899 saucium,

266 909 415 944 Civitatis
443 907 519 940 Sion
546 908 726 941 altissimae

261 959 319 991 Me
345 961 462 997 coapta
486 957 520 989 in
543 956 736 989 aedificium.

167 1033 247 1065 127.
262 1032 344 1073 Ave,
354 1030 518 1071 princeps,
532 1030 621 1062 cuius
634 1030 811 1062 dominium

264 1080 381 1113 Omnes
408 1081 529 1118 pavent

340 1132 501 1160 terrarum
527 1126 667 1165 termini,

267 1176 384 1210 Cordis
398 1184 472 1216 me1,
493 1184 622 1216 quaeso,
640 1173 810 1207 confinium

261 1225 330 1258 Tuo
360 1224 447 1258 dulci
473 1228 553 1264 apta
577 1223 739 1257 amamini.

166 1300 244 1333 128.
259 1299 342 1341 Ave,
352 1298 405 1339 qui
414 1297 569 1329 oborbem
577 1296 808 1339 quadrifidum,

261 1346 451 1380 Ascendisti
476 1346 510 1377 in
530 1346 635 1378 crucis
653 1346 806 1388 stipitem,

263 1397 411 1435 Hostem.
441 1403 572 1435 quaeso,

338 1443 502 1476 subnerva
526 1442 684 1483 trifidum,

267 1493 414 1529 Carnem,
439 1491 596 1523 mundum

338 1545 371 1573 et
398 1540 511 1572 mortis
538 1540 732 1581 principem.

167 1616 350 1655 129.Ave,
379 1614 469 1645 cuius
495 1622 555 1654 per
581 1614 801 1646 consolamina

267 1664 462 1696 Liberamur
486 1672 505 1694 a
529 1662 614 1694 malo
642 1662 742 1699 vario,

267 1713 357 1745 Audi
385 1711 529 1745 clemens
557 1714 590 1742 et
613 1711 791 1743 ululamina

263 1761 487 1794 Exsistentum
513 1759 546 1791 in
572 1760 773 1800 purgatorio.

172 1835 252 1869 130.
268 1836 351 1876 Ave,
379 1833 464 1874 Iesu,
493 1833 582 1874 gigas
608 1831 794 1876 fortissime,

264 1883 317 1915 Ab
343 1881 472 1915 inferno
500 1882 675 1914 detrahens
693 1881 808 1921 spolia,

264 1932 322 1964 Mc
341 1929 490 1970 defende,
510 1934 542 1962 te
557 1939 674 1970 precor
687 1930 809 1973 intime,

266 1981 438 2013 Oculorum
467 1980 507 2011 ab
535 1979 736 2011 extollentia.

169 2053 346 2095 1:³1.Av‹›,
374 2053 427 2093 qui
455 2052 496 2084 de
521 2052 624 2093 regali
642 2055 810 2085 stemmate

264 2101 310 2134 Es
337 2101 512 2134 secundum

341 2158 468 2183 carnem
497 2149 696 2191 progenitus,

265 2199 431 2232 1>a.e·=ionis
457 2202 532 2230 tuae
556 2207 615 2230 nos
641 2197 793 2239 stigmate

267 2248 478 2289 Consignatos
504 2256 600 2279 serva
627 2247 792 2279 (livinitus.

168 2322 346 2363 1532.Ave,
375 2320 464 2353 cuius
490 2329 548 2352 nos
575 2320 760 2352 benedictio

267 2373 298 2404 A
323 2370 449 2412 peccati
474 2369 571 2401 solvit
598 2369 760 2410 ligamine,

269 2418 484 2462 Conglobatos
510 2418 543 2450 in
570 2418 631 2450 hoc
657 2418 812 2451 coenobio

267 2469 412 2504 Unitatis
439 2468 534 2509 iunge
561 2467 748 2509 spiramine.

870 228 950 261 133.
965 228 1048 268 Ave,
1059 226 1102 259 ad
1113 234 1205 267 quem
1219 224 1375 257 virtutum
1383 222 1515 255 tramite

967 275 1160 308 Pervenitur
1185 284 1206 307 a
1232 271 1506 315 pertingentibus,

965 323 1130 358 Passionis
1156 325 1232 357 tuae
1257 332 1315 355 nos
1341 322 1495 363 stigmate

967 372 1180 414 Consignatos
1207 381 1304 405 serva
1330 370 1499 403 divinitus.

873 456 952 489 1:34.
967 457 1049 498 Ave,
1077 455 1131 495 qui
1153 454 1302 486 mirando
1322 451 1515 485 commercio

971 503 1146 537 Reduxisti
1174 505 1287 544 captos
1310 502 1343 534 in
1361 500 1515 542 patriam,

969 553 1182 586 Oberrantem
1209 560 1261 583 me
1285 550 1459 592 gentilitio,

966 601 1072 642 More,
1101 609 1230 644 quaeso,

1041 649 1142 682 reduc
1166 657 1227 690 per
1250 648 1401 689 gratiam.

872 733 954 766 135.
968 733 1051 775 Ave,
1079 732 1134 772 qui
1158 731 1354 763 Iudaeorum
1378 729 1500 770 populo

967 781 1121 814 Divisisti
1147 780 1289 812 maxima
1313 777 1460 821 flumina,

967 830 1025 863 Me
1050 829 1191 862 solutum
1217 828 1325 860 carnis
1353 827 1518 869 ergastulo

966 879 1022 911 Ad
1048 878 1198 919 polorum
1226 877 1310 911 vehe
1329 876 1518 909 intermina.

871 957 952 990 136.
969 958 1050 998 Ave,
1075 957 1151 990 Iesu
1177 955 1231 996 qui
1258 955 1360 987 clavis
1384 954 1502 987 ferreis

968 1005 1015 1038 Es
1042 1003 1169 1037 adfixus
1197 1004 1286 1036 cruci
1313 1004 1510 1046 humanitus,

968 1053 1037 1086 Nos
1066 1053 1197 1093 captiva
1224 1053 1346 1085 catenis
1373 1053 1482 1085 aureis

970 1101 1101 1142 Septem
1129 1102 1235 1133 saneti

1046 1151 1204 1183 donorum
1230 1150 1377 1190 spiritus.

872 1228 953 1262 137.
968 1228 1050 1272 Ave,
1079 1227 1156 1262 Iesu
1183 1227 1270 1260 celsa
1297 1227 1483 1271 humilians,

967 1277 1013 1310 Et
1035 1276 1216 1309 sublimans
1243 1276 1345 1309 eorda
1371 1276 1519 1321 humilia,

967 1326 1166 1368 Profugetur
1192 1326 1295 1358 hostis
1321 1326 1481 1359 insidians

967 1375 1180 1418 Angelorum,
1209 1375 1261 1416 da,
1289 1383 1349 1415 per
1375 1375 1508 1409 auxilia.

873 1455 953 1487 138.
967 1454 1050 1494 Ave,
1078 1452 1155 1486 1esu
1178 1451 1387 1495 confringens
1405 1454 1519 1486 ianuas

967 1501 1165 1534 Acherontis
1193 1504 1226 1533 et
1252 1506 1361 1534 vectes
1380 1501 1516 1542 ferreos,

967 1550 1088 1583 Mundi
1120 1559 1214 1583 curas
1241 1551 1371 1592 depelle
1397 1561 1518 1585 nocuas

970 1600 1080 1640 Atque
1087 1598 1197 1631 hostes
1207 1603 1336 1632 nostros
1343 1603 1517 1634 tartareos,

875 1678 955 1711 139.
969 1678 1053 1721 Ave,
1080 1678 1167 1718 Iesu,

1047 1726 1101 1767 qui
1127 1726 1249 1759 vindex
1274 1736 1456 1768 pauperum

974 1774 1206 1816 Comprobaris

1047 1824 1205 1864 exemplis
1232 1824 1393 1867 plurimis,

968 1873 1025 1905 Me
1052 1873 1246 1905 clamantem

1043 1922 1162 1955 exaudi
1187 1922 1341 1956 miserum

969 1971 1023 2003 Ad
1050 1975 1083 2003 te
1109 1972 1218 2004 cordis

1042 2020 1105 2052 mei
1132 2029 1172 2052 ex
1198 2021 1334 2057 intimis,

873 2098 953 2132 140.
969 2098 1052 2141 Ave,
1081 2099 1167 2131 dona
1192 2100 1248 2140 qui
1274 2101 1455 2141 singularia

966 2147 1014 2179 Te
1041 2146 1160 2179 colenti
1187 2148 1281 2180 dabis
1308 2151 1451 2195 assidue,

964 2195 1017 2227 Ne
1042 2206 1061 2228 a
1086 2196 1197 2236 lingua
1220 2198 1406 2233 adulatoria

965 2243 1189 2288 Fascinemur,
1216 2249 1377 2281 cautelam
1394 2250 1514 2285 tribue.

874 2322 1053 2364 141.Ave,
1081 2332 1174 2364 quem
1201 2326 1301 2358 Pilati
1326 2328 1490 2363 satellites

969 2372 1175 2406 Goronarunt
1201 2383 1323 2408 corona
1348 2377 1473 2423 spinea,

970 2420 1192 2463 Obsequentes
1224 2433 1284 2456 nos
1309 2424 1371 2457 tibi
1397 2426 1519 2461 milites

968 2470 1022 2503 Ad
1048 2480 1185 2504 amoena
1206 2473 1332 2513 perduc
1353 2474 1518 2511 aetherea.
