1650 2671
221 191 252 224 3.
268 190 349 234 Ave,
379 190 481 233 virgo,
513 191 634 224 virtute
650 190 812 232 praedita,

261 239 389 272 Inimici
417 249 480 280 qua
511 241 639 272 dentem
668 240 819 279 conteris,

265 288 373 321 Corda
398 291 510 321 nostra
529 288 701 321 mundanis
721 287 834 320 dedita

263 336 430 378 Erigendo
458 338 616 378 coniunge
643 336 782 377 superis.

217 411 250 442 4.
265 411 348 452 Ave,
376 410 473 443 stella
499 413 572 443 orta
598 411 764 453 divinitus,

265 458 830 503 Cuiussplendorinfernapenetrat,

266 508 330 541 Per
356 511 389 540 te
413 508 483 540 irae
507 509 656 540 solvatur
679 509 830 548 impetus,

263 556 352 596 Quae
374 558 412 587 ut
436 557 538 597 pestis

333 608 473 638 mentem
502 606 729 648 degrandinat.

218 682 248 713 5.
266 680 347 724 Ave,
376 679 560 719 reparatrix
586 680 741 719 iustitiae,

264 727 382 762 Mundi
399 728 490 769 gravi
506 737 698 761 succurrens
711 729 830 771 lapsui,

265 777 376 810 Sinum
402 778 511 818 pande
535 777 791 821 misericordiae,

263 827 385 859 Aurem
404 835 475 858 meo
492 827 655 868 praebens
673 827 830 861 hortatui.

215 901 246 933 6.
262 901 342 936 Ave.
371 899 468 940 pyxis
493 901 717 945 unguentaria,

262 949 468 982 Medicamen
493 949 641 981 contritis
668 949 814 993 offerens,

261 997 467 1031 1nfirmorum
494 1006 555 1038 per
574 998 698 1039 probra
723 998 816 1030 varia

262 1045 491 1079 Restauratrix
517 1046 561 1078 sis

331 1103 444 1128 sanum
473 1093 653 1128 conferens.

217 1169 246 1201 7.
262 1168 345 1210 Ave,
360 1176 494 1212 gemma,
513 1168 602 1201 cujus
610 1168 828 1210 praeclaritas

260 1217 324 1249 Dei
349 1216 502 1258 splendet
527 1217 559 1248 in
589 1217 785 1258 diademate,

259 1266 329 1298 Tua
356 1265 551 1307 suffragetur
577 1265 771 1311 benignitaS,

256 1314 826 1358 Phlegethontisnemergargurgite.

217 1384 248 1417 8.
264 1372 358 1425 Ave,v
375 1392 393 1415 o
419 1383 562 1424 gloriosa
589 1384 728 1428 domina,

263 1433 402 1466 Elevata
427 1441 460 1464 es
486 1442 586 1473 super
611 1434 752 1475 angelos,

261 1482 293 1514 A
301 1491 353 1514 me
363 1491 421 1514 cun
426 1484 479 1514 cta
489 1491 623 1522 prorsus
634 1482 826 1523 extermina,

260 1530 350 1571 Quae
373 1530 500 1562 divinos
519 1529 688 1564 offendunt
705 1531 826 1566 oculos,

212 1600 244 1632 9.
258 1599 340 1644 Ave,
368 1598 422 1631 lex
445 1600 631 1631 testamenti
657 1599 794 1642 gratiae,

258 1649 367 1689 Aptos
392 1651 526 1688 gemmis

335 1698 492 1731 virtutum
516 1697 702 1742 phalerans,

261 1746 390 1779 Donum
416 1746 496 1778 mihi
523 1746 566 1779 da
590 1747 778 1787 patientiae,

259 1795 417 1828 Biliosam
442 1798 583 1827 mentem
609 1795 797 1837 pacificans.

190 1863 344 1906 10.Ave,
373 1864 463 1896 cuius
490 1867 539 1896 est
565 1865 749 1906 gloriositas

260 1913 345 1945 Mihi
370 1914 558 1954 cunctisque
581 1914 767 1952 ineffabilis,

264 1961 384 1995 Sordes
401 1971 490 1994 meas
504 1972 609 2004 purga
621 1963 828 2007 praeteritas,

259 2011 310 2044 Ne
336 2021 402 2044 nex
427 2020 480 2044 me
504 2016 600 2044 necet
623 2012 803 2046 infinibilis,

190 2080 245 2114 11.
261 2081 344 2121 Ave,
371 2079 474 2120 virgo,
504 2080 593 2113 cujus
615 2090 676 2122 per
692 2082 830 2123 gratiam

261 2129 391 2162 Mentes
410 2129 663 2163 corroborantur
676 2130 827 2175 stolidae,

259 2178 492 2220 Vagabundum
509 2187 569 2219 per
577 2179 828 2213 inconstantiam

259 2227 385 2271 Redde,
398 2236 527 2268 quaeso,
537 2237 590 2260 me
599 2229 686 2261 vitae
693 2228 830 2264 solidae.

190 2295 245 2332 12.
259 2298 343 2338 Ave,
371 2296 469 2329 stella
492 2297 593 2329 maris
610 2296 829 2340 praefulgida,

261 2345 444 2380 Parentelis
471 2348 544 2378 orta
568 2346 743 2388 regalibus,

263 2396 373 2430 Corda
397 2398 512 2428 nostra
534 2395 668 2428 illustra
684 2395 829 2437 turbida,

262 2446 451 2479 Excaecata
476 2444 570 2478 noxis
596 2445 793 2479 carnalibus,

843 92 913 128 1538
963 113 1012 117 —

895 192 952 224 13.
968 192 1051 232 Ave,
1079 191 1170 233 virgo
1195 189 1420 231 sapientifera,

963 240 1067 272 Deum
1087 239 1181 272 nobis
1195 240 1330 280 gignens
1344 239 1377 271 in
1393 236 1534 277 homine,

963 289 1074 321 Meum
1094 297 1200 329 purga
1216 297 1263 328 os,
1288 290 1394 320 mater
1410 290 1535 327 tenera,

965 336 1051 370 Dolo
1078 340 1176 377 atque
1202 336 1432 369 amaritudine.

892 426 948 459 14.
963 425 1047 467 Ave,
1076 424 1167 456 cuius
1194 424 1338 457 solamen
1364 422 1483 456 efficax

963 474 1070 507 Huius
1097 473 1211 505 mundi
1237 473 1320 505 lenit
1343 472 1522 514 angariam,

964 524 1029 556 Per
1054 525 1088 554 te
1113 521 1167 553 via
1190 521 1345 562 planetur
1371 519 1518 563 difficax,

964 572 1054 612 Quae
1068 571 1101 604 in
1118 571 1201 602 caeli
1216 570 1370 612 perducit
1382 570 1535 612 patriam.

893 661 949 694 15.
964 660 1048 703 Ave,
1074 659 1274 701 virginitatis
1300 659 1370 691 lilio

960 709 1058 753 Ante,
1070 708 1104 741 in
1113 711 1142 740 et
1151 711 1227 749 post
1233 712 1364 749 partum
1371 707 1536 750 redolens,

965 758 1026 791 Me*
1049 757 1240 790 commenda
1268 758 1388 790 dilecto
1415 755 1493 798 filio,

965 807 1100 847 Quando
1125 807 1282 839 mundum

1036 855 1217 897 relinquam
1244 856 1395 888 moriens.

893 944 947 979 16.
963 945 1046 984 Ave,
1073 943 1174 976 rubus
1201 944 1320 977 ardens
1346 944 1380 976 in
1407 952 1525 988 eremo,

964 992 1109 1034 Gignens
1135 992 1261 1033 prolem

1037 1041 1095 1074 sed
1124 1041 1215 1082 virgo
1241 1050 1448 1082 permanens,

963 1090 1149 1124 Exorantes
1175 1093 1208 1122 te
1234 1091 1335 1123 corde
1359 1090 1474 1123 intimo

964 1139 1016 1172 Sis
1030 1140 1071 1172 ab
1086 1138 1181 1171 hoste
1194 1139 1336 1180 maligno
1347 1142 1534 1180 protegens

890 1228 946 1262 17.
962 1228 1045 1272 Ave,
1074 1227 1166 1269 virgo
1193 1237 1305 1261 amore
1331 1228 1450 1270 carior,

962 1278 1164 1311 Devotorum
1183 1277 1344 1310 exsistens
1359 1276 1533 1318 mentibus,

961 1326 1064 1359 Placa
1074 1324 1355 1369 mentisfurorem,
1363 1327 1534 1369 deprecor,

963 1374 1015 1407 Ne
1032 1374 1213 1416 rependam
1230 1376 1317 1408 male
1338 1375 1534 1409 dicentibus.

893 1457 1047 1501 18.Ave,
1074 1458 1187 1499 sponsi
1212 1459 1468 1502 reclinatorium,

961 1506 1030 1546 Quo
1057 1508 1210 1548 pausavit

1038 1559 1090 1589 ter
1114 1556 1221 1589 tribus
1247 1557 1429 1600 mensibus,

963 1604 1094 1646 Sequax
1122 1614 1193 1638 esse
1220 1615 1328 1640 meum
1348 1607 1534 1651 arbitrium,

962 1654 1095 1696 Precor,
1120 1654 1183 1687 Dei
1202 1654 1257 1688 fac
1274 1656 1378 1689 sacris
1396 1656 1535 1698 legibus.

897 1737 953 1770 19.
970 1737 1053 1781 Ave,
1081 1746 1164 1778 quae
1189 1738 1330 1772 humano
1358 1738 1503 1773 defectui

964 1786 1162 1820 Succurristi
1189 1787 1296 1820 Deum
1320 1788 1518 1834 parturiens,

962 1835 1019 1868 Me
1045 1835 1159 1869 altaris
1186 1842 1305 1879 coapta
1330 1839 1400 1871 esui

962 1885 1091 1919 Vitiosa
1117 1889 1235 1919 cuncta
1260 1886 1418 1923 abicienS.

890 1970 947 2003 20.
963 1970 1046 2015 Ave,
1076 1969 1165 2002 cuius
1191 1971 1303 2011 proles
1329 1972 1362 2004 vi
1389 1972 1528 2014 propria

962 2020 1068 2052 Axem
1076 2019 1319 2054 victorscandit
1325 2022 1536 2065 astrigerum,

963 2068 1046 2101 Esto
1072 2068 1168 2101 nobis
1192 2073 1269 2110 post
1293 2070 1488 2104 transitoria

964 2117 1114 2160 Ductrix,
1142 2126 1184 2150 ne

1036 2174 1223 2208 mergamur
1247 2168 1282 2200 iu
1307 2171 1480 2203 tartarum.

893 2250 949 2284 21.
966 2250 1047 2294 Ave,
1078 2249 1168 2282 cuius
1193 2254 1376 2286 maternam
1395 2253 1538 2288 animam

963 2298 1083 2331 Mortis
1111 2298 1235 2332 Christi

1036 2346 1217 2382 transfodit
1239 2350 1379 2393 gladius,

964 2396 1189 2439 Hymnodiam
1199 2398 1286 2432 hanc
1297 2400 1357 2433 tibi
1368 2402 1539 2436 rancidam

967 2446 1164 2481 Decantanti
1191 2458 1348 2483 succurre
1373 2452 1473 2485 ocius.
