1650 2671
624 463 677 496 XI.
706 463 903 496 Psalterium
925 462 1111 495 Secundum.

623 536 777 570 Oratio
808 535 1102 576 prooemialis,

463 652 470 659 .
499 625 523 658 O
551 625 643 666 virgo
671 622 761 665 felix,
790 633 807 656 0
833 623 965 657 novella
990 623 1106 664 gloria,

497 674 656 707 Caelestis
682 673 767 705 arcis
794 676 923 714 satraps
948 672 1163 712 nobilissima,

495 723 621 756 Inclina
646 722 726 755 meis
752 721 1047 763 supplicationibus

496 772 629 805 Vultum
656 771 802 812 gemellis
831 780 903 804 cum
931 770 1183 813 diadematibus,

496 821 554 854 Cui
580 829 677 862 posse
702 820 764 853 soli
790 821 1018 862 cunctiparens
1044 819 1204 853 subdidit.

459 928 466 935 .
495 899 653 933 Genetrix
681 898 813 938 Christi,
840 898 911 932 filia
936 898 1097 942 altissimi,

494 948 644 990 Elinguis
671 947 748 988 oris,
775 946 912 990 fautrix,
937 956 1033 979 move
1058 957 1224 988 organum,

494 997 632 1039 Largire
658 999 820 1038 comptum
849 1004 980 1029 carmen
1005 995 1252 1035 infaustissimo,

494 1047 574 1086 Fac,
602 1050 635 1078 ut
662 1048 789 1077 tuarum
816 1046 899 1078 mira
923 1045 1057 1078 laudum
1085 1045 1263 1085 concinam,

494 1095 579 1127 Nam
602 1096 666 1127 scis
693 1096 726 1126 et
749 1094 822 1135 ipsa
847 1102 945 1135 posse
970 1096 1075 1126 mutos
1102 1094 1220 1135 eloqui.

459 1201 465 1207 .
494 1173 578 1206 Nam
606 1181 696 1205 meus
722 1173 860 1205 haerens
886 1181 991 1205 sermo
1017 1171 1130 1213 lingua
1156 1171 1258 1204 debili

493 1221 641 1255 Balbutit
667 1225 700 1253 et
723 1222 829 1254 modis
855 1222 985 1254 laborat
1009 1220 1152 1262 absonis,

494 1271 559 1304 Sed
585 1272 614 1303 si
639 1279 780 1310 superno
807 1279 882 1303 rore
906 1278 1078 1310 respergas
1104 1270 1196 1302 iecur

493 1320 537 1353 Et
564 1319 705 1361 spiritali
730 1319 816 1351 lacte
841 1322 955 1360 pectus
981 1319 1109 1360 irriges,

493 1369 564 1401 Vox
588 1368 764 1409 impeditos
789 1377 888 1400 rauca
913 1367 1038 1401 laxabit
1066 1377 1173 1400 sonos.

459 1473 466 1481 .
495 1445 571 1478 Sum
597 1448 705 1477 mutus
731 1453 860 1485 nempe,
887 1444 946 1478 sed
973 1448 1089 1485 potens
1117 1443 1302 1481 facundiae,

494 1495 593 1529 Unde
616 1498 662 1534 tu,
689 1498 804 1535 mater,
831 1496 907 1526 nato
933 1496 989 1525 tuo
1014 1494 1176 1536 supplica,

492 1544 538 1577 Ut
562 1544 641 1575 mihi
670 1542 770 1575 donet
794 1543 954 1583 plectrum
980 1542 1194 1584 eloquentiae,

491 1593 654 1633 Quatenus
681 1591 778 1632 digne
805 1591 941 1633 hymnos
968 1595 1041 1623 tuos
1067 1590 1245 1633 proferam,

494 1641 617 1681 Quibus
643 1641 787 1673 lauderis
814 1640 868 1672 hic
896 1643 929 1673 et
953 1640 987 1672 in
1013 1643 1220 1681 perpetuum.

458 1748 465 1755 .
492 1720 706 1761 Evangelista
731 1719 856 1760 sparsit
879 1720 986 1760 ipsum
1013 1719 1094 1751 talia

493 1769 577 1802 Olim
601 1772 780 1810 praecepta
808 1768 940 1801 dedisse
964 1768 1141 1808 apostolis:

493 1817 605 1851 Nolite
627 1817 740 1858 verba,
766 1826 838 1849 cum
864 1819 1103 1850 sacramentum
1128 1826 1234 1849 meum

490 1867 568 1900 Erit
593 1868 784 1907 canendum,
810 1867 1023 1907 providentes
1051 1875 1218 1908 quaerere,

489 1916 560 1958 Ego
585 1916 768 1960 imparatis,
797 1925 881 1957 quae
910 1917 1097 1957 loquantur,
1124 1924 1306 1958 suggeram.

457 2022 464 2028 .
492 1994 679 2027 Frenentur
705 1995 737 2026 in
765 2003 817 2026 me
843 2003 1015 2035 corporum
1043 1995 1225 2035 cupidines,

492 2043 596 2076 Tersa
620 2047 658 2076 ut
680 2043 768 2075 intus
795 2044 911 2076 emicet
935 2043 1128 2085 prudentia,

494 2093 549 2126 Sic
574 2093 714 2125 excitato
740 2093 894 2133 prospice
919 2092 1086 2125 cacumine

491 2141 655 2182 Liberque
679 2139 758 2173 flatu
783 2142 910 2174 laxiore
934 2141 1071 2181 spiritus

493 2190 615 2224 Christi
640 2193 810 2231 parentem
837 2191 958 2222 rectius
985 2192 1019 2221 te
1043 2190 1242 2230 praedicem.

458 2293 465 2300 .
494 2266 641 2300 Gloriam
667 2276 743 2308 ergo
768 2270 867 2309 tuam,
897 2269 998 2308 virgo,
1026 2272 1179 2300 resonent

494 2316 625 2349 Mecum
649 2314 765 2349 fideles
791 2317 899 2349 renati
923 2316 1134 2357 baptismate.

494 2364 558 2398 Sed
584 2366 620 2398 id
645 2365 743 2398 beata
768 2369 804 2397 tu
831 2367 888 2398 des
913 2364 1008 2398 nobis
1034 2366 1184 2409 praemii,

493 2414 541 2448 Ut
566 2423 797 2456 conregnemus
823 2418 928 2447 tecum
954 2414 990 2446 in
1016 2415 1213 2448 caelestibus

491 2465 556 2498 Per
580 2462 747 2497 indefessa
771 2465 973 2496 saeculorum
998 2464 1139 2499 saecula.
