1650 2671
187 208 242 241 75.
272 206 297 240 O
324 216 400 249 pax,
427 217 510 248 quae
532 217 709 250 congregas

184 630 240 663 76.

182 1051 239 1082 77.

185 1470 242 1503 78.

187 1892 243 1925 79.

187 2314 243 2349 80.

318 255 559 289 Universaliter

268 304 411 338 Devotas
439 306 563 339 animas

317 353 393 387 Tibi
419 355 568 387 hilariter

267 402 417 436 Laudum
445 404 597 436 excubias

317 451 486 485 Solventes
512 453 648 494 pariter,

268 501 323 533 Ad
349 502 444 534 sedes
470 510 605 542 superas

316 549 390 582 Duc
413 559 471 583 nos
497 550 691 592 benigniter.

266 629 335 662 Ens
361 629 529 661 recolibile

316 677 362 710 Es
387 687 447 721 per
471 679 669 719 memoriam,

267 726 490 768 intellegibile

315 775 382 808 Per
407 776 613 816 sapientiam,

268 824 333 857 Sed
360 828 393 856 et
417 825 557 858 amabile

318 873 381 905 Per
405 877 493 906 tuam
521 873 660 914 gratiam

270 921 543 962 Superlaudabile

316 970 382 1003 Per
406 971 658 1012 providentiam.

269 1049 294 1082 O
321 1050 415 1089 panis
443 1050 550 1082 oriens

316 1097 540 1140 Ineffabiliter‚

267 1146 411 1179 Devotos
437 1147 584 1179 nutriens

316 1194 577 1235 Delectabiliter,

268 1243 320 1276 Sis
346 1253 398 1276 me
423 1243 573 1276 reficiens

314 1293 552 1335 Amicabiliter,

268 1342 347 1375 Cum
373 1343 529 1375 mundum
556 1341 698 1373 moriens

317 1390 477 1433 Linquam
502 1390 654 1423 finaliter.

268 1469 349 1502 Esto
374 1469 547 1510 propitius,

318 1518 342 1551 Ο
371 1527 478 1550 rerum
507 1517 665 1561 conditor,

268 1567 358 1600 Petit
382 1568 550 1600 ardentius

317 1615 408 1655 Quod
435 1619 508 1648 tuus
535 1616 673 1656 debitor,

270 1664 332 1704 Da,
359 1668 393 1697 ut
419 1665 453 1697 in
478 1665 622 1697 moribus

319 1713 384 1746 Sim
413 1714 621 1755 compositior

269 1762 315 1796 Et
339 1763 371 1794 in
399 1763 593 1796 caelestibus

319 1811 447 1845 Sanctis
474 1813 622 1847 vicinior.

269 1891 294 1924 O
319 1890 458 1931 pulchra
483 1892 615 1924 claritas

319 1940 420 1973 Verbi
447 1940 563 1985 deifici,

272 1990 374 2029 Quam
400 1990 515 2023 laudat
539 1990 666 2031 puritas

321 2037 419 2071 Chori
444 2040 594 2081 angelici,

271 2087 417 2120 Maxime
441 2089 560 2120 caritas

321 2135 420 2169 Ghori
445 2137 608 2177 seraphici

271 2185 317 2218 Et
342 2186 545 2218 luminositas

322 2234 417 2268 Chori
447 2235 622 2267 cherubici.

270 2313 360 2347 Deus
386 2313 536 2347 amabilis

321 2363 416 2397 Omni
438 2363 569 2404 spiritui

271 2413 323 2446 Ac
347 2412 536 2454 appetibilis

319 2462 366 2496 Et
389 2462 561 2506 appetitui,

887 433 943 467 81.

886 856 943 888 82.

886 1275 943 1307 83.

887 1695 942 1728 84.

888 2119 945 2153 85.

972 207 1025 240 Da
1050 207 1101 241 his
1129 217 1201 240 cum
1226 206 1343 240 incolis

1023 256 1114 290 Caeli
1138 260 1172 289 te
1197 255 1336 300 perfrui,

972 306 1033 346 Qui
1058 308 1091 339 te
1116 306 1167 338 his
1194 306 1298 339 titulis

1020 354 1173 389 Laudant
1199 354 1334 388 assidui.

972 433 997 466 O
1024 432 1113 466 Deus
1138 433 1248 475 Elion,

1020 481 1109 515 Deus
1134 481 1305 525 mirabilis,

970 530 1022 563 Ac
1047 533 1083 563 tu
1106 530 1341 572 pantagathon‚

1019 579 1113 612 Patri
1139 579 1327 623 consimilis,

969 628 1014 661 Et
1040 638 1169 663 sacrum
1193 630 1403 669 pneumaton,

1019 686 1122 711 nexus
1148 677 1310 719 amabilis,

972 726 1122 767 Superna
1145 728 1179 759 in
1206 726 1285 760 Sion

1018 775 1120 817 Iunge
1145 786 1204 809 nos
1231 775 1366 817 angelis.

970 854 1241 894 incognoscibilis

1017 902 1064 935 Es
1091 912 1151 944 per
1176 903 1383 944 prudentiam

971 951 1042 984 Nec
1069 952 1329 992 contemplabilis

1019 1000 1082 1032 Per
1108 1001 1315 1042 sapientiam,

970 1049 1054 1081 Nam
1080 1050 1187 1082 noscit
1214 1049 1329 1082 docilis

1019 1097 1083 1129 Per
1107 1098 1336 1140 ignorantiam,

970 1146 1063 1186 Quod
1090 1156 1153 1179 non
1181 1147 1341 1188 capabilis

1020 1194 1071 1227 Sis
1098 1196 1132 1227 ni
1157 1204 1217 1236 per
1243 1196 1394 1236 gratiam.

970 1273 1039 1306 Ens
1066 1272 1330 1306 substantificum

1019 1321 1065 1354 Et
1089 1323 1332 1364 supersapiens,

972 1371 1100 1404 Statum
1126 1371 1307 1412 angelicum

1019 1419 1055 1451 In
1082 1422 1116 1451 te
1140 1418 1326 1460 perficiens,

972 1469 1109 1501 Praesta
1133 1469 1315 1501 theoricum

1022 1516 1085 1549 Cor
1111 1521 1144 1549 et
1168 1518 1362 1559 intellegens

972 1565 1067 1607 Mihi,
1094 1567 1335 1608 phantasticum

1021 1614 1132 1658 Longe
1159 1616 1314 1649 abiciens

970 1693 996 1727 Ο
1023 1692 1138 1727 filiatio

1020 1743 1183 1776 Paternae
1208 1745 1342 1786 subolis,

973 1792 998 1825 O
1025 1792 1207 1826 incarnatio

1023 1841 1277 1887 Indissolubilis‚

972 1891 997 1924 Ο
1025 1891 1265 1934 impraegnatio

1020 1941 1156 1974 Puellae
1180 1942 1313 1986 nobilis,

974 1989 1109 2023 Gratiae
1135 1991 1220 2023 actio

1020 2040 1090 2073 Deo
1116 2040 1304 2074 immobilis.

974 2119 998 2152 Ο
1025 2118 1202 2152 ineffabilis

1022 2166 1218 2209 Summaque
1245 2169 1361 2209 deitas,

974 2217 1254 2250 immensurabilis

1023 2265 1069 2298 Et
1095 2267 1163 2299 alta
1188 2267 1330 2314 trinitas,

974 2314 1220 2358 investigabilis

1022 2363 1267 2407 Essentialitas,

975 2413 1233 2454 Superamabilis

1023 2461 1086 2495 Est
1111 2467 1168 2496 tua
1192 2464 1335 2500 bonitas,
