1650 2671
180 248 261 283 111.

179 542 259 576 112.

181 836 260 869 113.

182 1129 262 1164 114.

183 1375 264 1409 115.

185 1718 266 1753 116.

187 2014 269 2047 117.

190 2259 272 2293 118.

817 147 886 183 132

276 248 357 292 Ave,
376 248 483 281 lumen
499 250 604 280 ortum
618 247 653 279 in
666 246 822 287 tenebris,

277 296 341 331 Ubi
368 297 417 332 sol
442 306 507 330 non
525 298 635 338 potest
652 296 820 337 accedere,

275 345 328 379 Ne
354 355 547 386 corrumpar

348 395 464 428 mundi
489 393 655 426 illecebris

273 443 331 476 Me
355 443 487 476 illustra
512 451 653 484 superno
678 440 804 476 iubare.

274 541 356 584 Ave,
385 541 475 574 cuius
501 549 619 573 nomen
644 539 812 573 laudabile

274 589 492 623 Praedicatur
517 599 578 631 per

349 639 463 672 mundi
489 639 647 671 ambitum

274 688 336 729 Tu,
365 689 416 721 cui
441 688 524 721 nihil
553 692 602 720 est
617 685 824 728 impossibile

275 737 390 770 Carnis
403 738 438 770 in
449 746 501 769 me
511 735 643 769 refrena
652 736 719 776 imp
724 739 820 767 etum.

277 835 358 879 Ave,
385 837 471 879 Iesu,
498 835 553 876 qui
578 838 611 867 te
633 833 824 867 timentibus

276 884 451 917 Benedicis
472 884 598 927 magnis
617 887 649 916 et
666 882 823 924 parvulis,

277 933 329 966 Ne
355 932 538 966 confundar

351 991 422 1015 cum
449 981 722 1015 descendentibus

278 1032 317 1064 In
335 1030 509 1073 infernum,
536 1033 569 1063 te
586 1034 662 1071 peto
680 1029 823 1062 humilis.

279 1130 360 1172 Ave,
395 1130 479 1171 Iesu,
509 1129 565 1170 qui
589 1132 654 1160 tuis
680 1128 825 1169 requiem

277 1178 345 1211 Das
371 1188 405 1211 1n
431 1178 563 1219 regione
587 1177 776 1216 viventium,

280 1226 380 1260 Caeni
405 1227 469 1259 mei
495 1225 588 1259 aufer
614 1226 806 1267 congeriem,

278 1276 403 1309 Terrae
418 1276 534 1309 tradar
549 1284 591 1308 ne
608 1275 824 1310 morientium.

279 1375 362 1411 Ave.
390 1377 474 1417 lesu,
501 1375 644 1407 solamen
671 1374 802 1406 unicum

281 1423 492 1457 orthodoxae
516 1423 630 1455 matris
657 1422 824 1461 ecelesiae,

282 1472 386 1505 Cerne
410 1475 488 1505 vota

354 1520 511 1563 benignus
539 1521 734 1561 supplicum,

281 1570 403 1602 Metam
430 1579 554 1612 ponens

353 1621 485 1652 nostrae
517 1618 679 1653 miseriae.

281 1717 362 1762 Ave,
390 1718 475 1758 Iesu,
503 1720 637 1750 aeterna
662 1717 794 1758 veritas,

283 1767 372 1807 Quae
398 1776 469 1800 cum
496 1769 592 1807 patre

356 1825 472 1858 regnas
497 1816 531 1848 in
559 1815 736 1857 saeculum,

282 1864 358 1898 Tibi
372 1864 487 1898 laudes
498 1865 689 1897 reddentem
702 1863 828 1896 debitas

282 1913 415 1947 Intuere
438 1913 579 1955 benigne
603 1914 770 1954 populum.

284 2014 366 2054 Ave,
392 2013 585 2045 miserorum
610 2010 741 2055 fiducia,

284 2061 470 2103 Fortitudo,
484 2070 559 2103 spes
575 2064 607 2093 et
618 2060 829 2102 praesidium,

285 2111 356 2143 Tua
381 2111 474 2144 nobis
501 2110 545 2142 sit
568 2110 745 2142 tolerantia

287 2159 477 2193 Passionum
502 2161 593 2192 vitae
617 2158 811 2193 subsidium.

286 2259 371 2301 Ave,
398 2258 484 2299 Iesu,
511 2259 625 2289 auctor
649 2256 803 2301 iustitiae,

286 2308 352 2341 Per
377 2316 472 2349 quam
498 2307 619 2339 transit

363 2357 454 2389 exsul
478 2355 513 2388 in
538 2355 691 2397 patriam,

287 2406 417 2440 Donum
430 2406 465 2438 in
472 2414 532 2438 nos
542 2403 686 2437 reforma
694 2403 829 2447 gratiae,

288 2457 465 2490 Praestans
490 2453 585 2487 nobis

360 2506 518 2538 virtutum
544 2503 682 2545 copiam.

884 246 924 280 11
933 248 964 280 9.
981 247 1063 288 Ave,
1078 247 1162 289 Iesu,
1172 256 1232 288 per
1241 255 1335 289 quem
1347 244 1529 278 destruitur

978 295 1084 328 Huius
1109 296 1224 328 mundi
1249 304 1349 329 saeva
1374 293 1510 333 malitia,

977 344 1160 377 Incolatum
1185 353 1276 377 mens
1300 353 1374 376 mea
1390 343 1528 385 patitur,

980 392 1174 426 Consoletur
1199 403 1296 434 quam
1320 397 1377 425 tua
1402 392 1519 434 gratia.

884 482 964 515 120.
980 483 1062 522 Ave,
1088 481 1175 522 Iesu,
1202 482 1283 523 vigil
1311 481 1510 522 dulcissime,

981 529 1056 562 Non
1085 530 1265 563 dormitans

1052 587 1158 620 neque
1184 579 1405 620 obdormiens,

979 628 1076 660 Meae
1102 636 1233 669 gressus
1261 628 1367 668 dirige
1390 627 1527 667 animae,

980 676 1077 710 Hanc
1085 676 1126 710 ab
1138 677 1224 709 omni
1233 677 1319 709 malo
1328 676 1529 710 custodiens.

884 757 965 790 121.
980 757 1062 800 Ave,
1084 756 1166 789 caeli
1185 756 1376 797 principans
1391 755 1528 797 civibus,

982 805 1106 845 Quibus
1131 808 1281 848 praestas

1057 857 1224 887 aeternam
1250 854 1398 898 gloriam,

982 904 1121 937 Domum
1147 908 1238 937 tuam
1252 902 1533 936 inambulantibus

982 953 1078 986 Pacis
1104 952 1214 985 tribue
1238 952 1486 985 abundantiam.

886 1043 965 1077 122.
981 1044 1064 1084 Ave,
1092 1043 1178 1083 Iesu,
1206 1042 1262 1083 qui
1286 1042 1322 1074 in
1350 1040 1493 1073 miseriis

982 1090 1534 1132 Tuispraestoesperclementiam,

983 1140 1204 1181 Superborum
1224 1140 1328 1181 pulsis
1344 1138 1534 1180 opprobriis

982 1189 1087 1222 Nobis
1111 1191 1245 1229 praesta
1262 1188 1534 1220 misericordiam.

887 1280 967 1313 123.
981 1280 1066 1320 Ave,
1084 1279 1172 1320 Iesu,
1195 1287 1291 1319 quem
1304 1278 1411 1311 sancti
1422 1277 1537 1310 sedule

982 1328 1189 1362 Benedicunt
1215 1327 1325 1361 cordis
1350 1326 1510 1368 tripudio,

982 1377 1112 1410 Nomen
1144 1379 1235 1409 tuum
1260 1385 1323 1417 per
1347 1375 1537 1409 venerabile

983 1426 1087 1459 Nobis
1114 1425 1196 1459 assis
1220 1428 1277 1458 tuo
1303 1425 1482 1468 praesidio.

889 1512 967 1545 124.
982 1511 1066 1548 Ave,
1086 1511 1172 1551 Iesu,
1191 1510 1246 1551 qui
1263 1509 1363 1542 rectis
1382 1508 1537 1542 cordibus

986 1559 1123 1601 Semper
1149 1560 1229 1592 ades
1255 1562 1311 1592 tuo
1338 1558 1474 1598 auxilio,

985 1609 1043 1642 Me
1070 1609 1260 1650 depressum
1285 1607 1514 1649 iniquitatibus

986 1658 1118 1691 Intuere
1143 1658 1237 1691 vultu
1261 1657 1418 1698 propitio.

889 1744 970 1777 125.
985 1744 1067 1787 Ave,
1095 1745 1186 1775 sator
1211 1741 1328 1783 optimi
1353 1741 1498 1782 seminis,

986 1791 1038 1824 Ex
1063 1801 1126 1833 quo
1152 1794 1304 1824 crescunt

1060 1841 1178 1873 turbae
1201 1839 1360 1881 fidelium,

987 1890 1191 1923 Seminantes

1058 1949 1145 1972 nunc
1170 1949 1229 1972 nos
1254 1940 1289 1972 in
1314 1939 1461 1972 lacrimis

984 1989 1055 2022 Fac
1079 1992 1156 2030 post
1181 1992 1321 2022 mortem

1059 2041 1183 2071 metere
1209 2038 1378 2080 gaudium.

892 2123 972 2157 126.
987 2123 1070 2163 Ave,
1097 2122 1304 2155 samaritane
1328 2122 1454 2166 inclite,

988 2171 1094 2212 Super
1121 2171 1208 2204 cives
1234 2174 1307 2204 tuos
1334 2171 1391 2212 qui
1407 2171 1536 2213 vigilaS,

989 2220 1206 2254 Obsecramus
1228 2223 1262 2252 te
1278 2229 1367 2253 nunc
1383 2221 1539 2263 sollicite,

989 2269 1050 2303 Uti
1066 2272 1191 2301 mentes
1208 2272 1339 2302 nostras
1360 2270 1539 2303 custodias.

892 2354 973 2388 127.
989 2355 1071 2397 Ave,
1099 2352 1204 2394 patris
1229 2362 1247 2385 o
1274 2354 1447 2399 sapientia,

990 2400 1114 2443 Gyrum
1142 2402 1225 2435 caeli
1250 2403 1322 2437 sola
1349 2403 1523 2449 circuiens,

990 2452 1030 2484 In
1056 2452 1175 2485 amoris
1202 2461 1260 2485 nos
1287 2453 1494 2488 abundantia

989 2500 1052 2533 Tui
1078 2501 1122 2533 sis
1150 2499 1341 2543 frequenter
1366 2502 1532 2539 reficiens.
