1650 2671
710 124 980 160 —111—

168 220 186 254 1
192 221 254 255 42.
267 220 350 261 Ave,
358 221 444 262 Iesu,
456 231 517 263 per
524 230 618 264 quem
625 223 818 257 multimode

271 269 333 302 Via
359 271 447 304 vitae
472 271 567 304 nobis
593 272 799 315 proponitur,

266 318 336 352 Nos
366 328 535 363 conserva,

342 377 422 409 quos
450 368 672 402 diversimode

262 416 459 450 Aemulator
484 421 580 451 atrox
605 418 801 461 insequitur.

168 485 251 519 143.
267 485 350 528 Ave,
378 486 463 525 Iesu,
493 487 545 519 cui
572 487 644 519 axis
670 487 817 528 stelliger

262 532 350 567 Nato
366 543 469 568 novae
479 536 597 568 stellae
608 537 666 569 dat
674 536 814 578 radium,

265 582 391 617 Contra
415 583 539 628 hostes,

341 633 393 675 da,
420 635 458 665 ut
483 633 545 666 sim
572 633 720 677 belliger,

263 681 310 716 Ut
317 690 457 715 coronae
464 691 645 723 consequar
652 683 813 716 bravium.

167 750 251 783 144.
266 750 350 792 Ave,
363 751 488 783 cunctis
499 752 552 791 qui
565 751 623 783 das
632 751 815 784 viventibus

266 798 434 839 oportuno
462 808 567 832 escam
595 799 629 831 in
655 802 814 843 tempore,

263 847 441 881 Beatorum
467 858 520 880 me
545 847 619 881 ciba
646 848 797 892 dapibus,

263 895 484 931 Terrenorum

341 947 397 987 qui
422 955 555 987 premor
580 947 739 986 pondere.

165 1015 247 1048 145.
263 1016 345 1055 Ave,
365 1023 427 1055 per
446 1023 539 1055 quem
560 1017 651 1047 astra
659 1014 816 1048 micantia

264 1062 406 1104 Fulgent
433 1063 545 1096 orbem

341 1122 401 1153 per
424 1114 529 1145 totum
556 1113 713 1153 aetheris,

266 1160 337 1195 Tua
355 1162 471 1205 solvat,
491 1170 621 1202 precor,
643 1162 816 1195 clementia

263 1210 462 1243 Habitantes
487 1211 521 1243 in
546 1211 641 1244 domo
661 1212 812 1246 carceris,

880 223 961 258 146.
975 223 1058 265 Ave,
1081 223 1168 263 Iesu,
1188 229 1283 263 quem
1300 222 1397 254 stella
1412 221 1523 254 lucida

975 271 1223 305 Demonstravit
1239 271 1342 311 magis
1356 269 1520 311 Arabicis,

976 320 1053 353 Mea
1079 325 1171 361 terge
1198 318 1318 352 delicta
1343 318 1456 363 livida,

976 368 1107 411 Stagnis
1133 377 1263 411 mergar

1049 428 1090 451 ne
1115 417 1356 452 AcheronticiS.

878 521 958 555 147.
972 521 1055 561 Ave,
1080 521 1135 562 qui
1160 520 1280 553 amoris
1306 519 1492 552 mulcedine

974 569 1088 602 Nectis
1105 569 1167 601 tibi
1184 569 1279 602 Adae
1297 568 1522 609 propaginem,

974 617 1147 651 Liberatos
1174 628 1233 651 nos
1259 621 1314 650 tuo
1341 618 1498 657 sanguine

972 667 1012 699 In
1026 668 1201 700 caelestem
1215 666 1318 699 reduc
1330 666 1519 699 Ierusalem.

878 770 958 806 148.
974 771 1056 810 Ave,
1089 771 1173 813 Iesu,
1203 769 1347 810 phalanx
1373 769 1521 809 angelica

972 817 1519 861 Melodiisquemlaudantiugibus,

975 867 1140 900 Genuinos
1166 876 1255 900 meos
1281 865 1429 899 salvifica

973 915 1521 957 BeatorumhosiungenscoetibuS.

877 1017 958 1050 149.
973 1016 1057 1058 Ave,
1072 1016 1158 1057 Iesu,
1181 1015 1233 1047 cui
1246 1014 1317 1047 laus
1331 1015 1522 1048 harmonica

972 1064 1039 1098 Per
1064 1067 1249 1097 sanctorum

1046 1112 1152 1147 fertur
1179 1112 1398 1146 concordiam.

973 1162 1102 1197 Pietate
1128 1165 1184 1194 tua
1209 1160 1345 1194 mitifica

971 1211 1028 1245 Me
1050 1211 1205 1244 effrenum
1227 1219 1288 1252 per
1304 1210 1519 1244 iracundiam.

519 1290 601 1324 150.
616 1290 698 1333 Ave,
727 1290 813 1334 Iesu,
833 1291 888 1331 qui
907 1299 1024 1332 corpus
1045 1290 1166 1324 leteum

612 1339 830 1379 Assumpsisti
855 1340 1095 1383 misericordia,

614 1389 687 1422 Hoc
706 1388 870 1421 dictamen
886 1397 977 1421 sume
996 1390 1205 1432 carmineum‚

615 1438 683 1478 Quo
703 1437 826 1470 desudo
844 1440 877 1469 te
893 1437 1033 1471 laudans
1051 1438 1182 1479 iugiter.

758 1531 916 1571 Parerga.

535 1604 675 1645 Super
701 1604 830 1638 Beati
855 1604 1140 1639 immaculati.

186 1684 217 1718 1.
232 1686 315 1725 Ave,
343 1684 435 1717 cuius
461 1683 600 1717 sacratis
625 1684 754 1726 legibus

234 1733 451 1767 Reducuntur
475 1733 553 1766 iusti
580 1733 614 1765 in
639 1733 792 1774 patriam,

233 1783 446 1824 Locupletem
474 1781 528 1815 fac
550 1791 603 1816 me
621 1782 809 1825 virtutibus,

236 1832 379 1872 Quarum
394 1841 526 1874 gravem
541 1831 612 1864 fero
626 1832 810 1873 penuriam.

185 1902 217 1934 2.
232 1902 316 1945 Ave,
344 1901 429 1943 Iesu,
457 1900 596 1942 largitor
621 1900 745 1942 inclite,

231 1950 311 1983 Tuis
341 1950 427 1982 dona
452 1949 560 1990 opime
585 1949 747 1992 tribuens,

232 2000 299 2033 Per
313 2002 355 2040 te,
366 2007 496 2040 precor,
512 1999 601 2032 vitae
609 1999 811 2039 praeteritae

234 2048 429 2090 Obliviscar,
458 2051 603 2081 sanctam
623 2047 809 2081 instituens.

186 2119 317 2158 3.Ave,
347 2118 437 2151 cuius
465 2117 588 2159 duplex
614 2116 770 2151 nativitas

234 2169 413 2203 creaturae
439 2169 490 2199 est
514 2165 700 2211 ineffabilis,

229 2217 328 2251 Meae
353 2216 482 2257 mentis,
517 2225 629 2257 exoro,
658 2215 811 2249 tenebras

230 2267 302 2300 Tua
328 2269 465 2309 spargat
490 2266 547 2300 lux
572 2265 761 2299 invisibilis.

182 2338 215 2372 4.
231 2338 314 2381 Ave,
345 2337 435 2370 cuius
461 2345 577 2369 manus
603 2335 777 2369 tornatiles

229 2386 312 2420 Sunt
339 2385 470 2420 adfixae
498 2385 604 2419 erucis
631 2385 791 2427 patibulo,

229 2435 349 2469 Servos
377 2439 449 2469 tuos
473 2436 514 2468 ad
534 2435 654 2469 bouum
674 2434 810 2476 fragiles

231 2485 331 2519 Verbi
358 2486 404 2518 1ui
432 2488 581 2519 sustenta
606 2485 739 2526 pabulo.

900 1686 931 1718 5.
950 1687 1030 1728 Ave,
1058 1686 1144 1725 Iesu,
1172 1684 1263 1717 cuius
1289 1685 1479 1724 praesentia

947 1734 1059 1768 Omnis
1087 1734 1181 1766 dolor
1207 1732 1291 1775 fugit
1319 1737 1350 1766 et
1367 1734 1516 1778 gemitus,

944 1782 1042 1822 Mihi,
1070 1786 1214 1823 temptor
1240 1783 1295 1824 qui
1318 1782 1468 1823 avaritia,

946 1833 1181 1873 Paupertatem
1205 1831 1312 1873 lagire
1338 1832 1485 1873 spiritus

898 1901 1029 1943 6.Ave,
1058 1901 1148 1933 cuius
1175 1902 1337 1933 tormenta
1364 1903 1456 1933 varia

944 1950 1159 1983 Siccaverunt
1188 1949 1318 1990 peccati
1339 1950 1519 1991 scatebras,

945 1999 1035 2032 Luce
1060 2002 1117 2032 tua
1144 1999 1228 2031 dolis
1256 2001 1422 2032 contraria

945 2048 1068 2081 Mentis
1075 2050 1208 2081 nostrae
1217 2048 1346 2090 depelle
1353 2049 1517 2086 tenebras.

898 2119 930 2150 7.
946 2118 1028 2155 Ave,
1057 2117 1147 2149 cuius
1174 2126 1234 2158 per
1259 2118 1456 2159 sapientiam

948 2167 1032 2200 Sunt
1058 2167 1139 2199 elisa
1164 2166 1267 2200 hostis
1293 2166 1512 2209 fraudamina,

946 2218 976 2249 A
1003 2216 1161 2257 languore
1186 2225 1238 2249 me
1261 2216 1295 2249 in
1319 2217 1496 2251 valentiam

946 2266 1017 2299 Tua
1042 2269 1133 2299 muta
1157 2274 1218 2306 per
1243 2266 1472 2302 medicamina.

897 2336 929 2370 8.
944 2336 1028 2378 Ave,
1055 2335 1152 2377 lapis,
1178 2344 1240 2376 quo
1260 2334 1369 2369 David
1387 2336 1521 2369 inclitus

945 2385 1018 2418 Rex
1038 2384 1148 2418 Goliat
1174 2384 1294 2418 stravit
1319 2383 1521 2425 semiferum,

945 2435 1068 2474 Meum,
1077 2443 1207 2478 precor,
1215 2443 1362 2476 expurga
1368 2433 1517 2468 funditus

947 2485 1011 2519 Cor
1037 2494 1056 2516 a
1083 2482 1175 2517 faece
1200 2493 1332 2517 suorum
1350 2483 1520 2520 scelerum,
