1650 2671
191 226 248 258 42.

197 631 243 664 43

195 1034 242 1067 44

196 1844 241 1876 46

196 2140 240 2173 51

277 224 350 257 Lux
379 224 491 257 lucens
517 224 638 266 iugiter

327 274 366 306 In
393 273 569 307 existentia

278 322 345 357 Sed
371 323 562 364 specialiter

327 372 390 405 Tui
420 374 562 417 capacia,

277 422 380 455 Modo
406 420 550 455 feliciter

328 471 386 504 Me
411 473 504 514 reple
530 471 646 514 gratia,

280 520 388 554 Fruar
413 522 604 562 perenniter

331 570 378 604 Ut
404 572 486 604 caeli
512 570 628 613 gloria.

249 656 256 663 .
283 628 417 663 Artifex
443 631 596 672 omnium,

335 678 433 712 Cuius
458 679 606 721 potentia

283 728 459 769 Coniungit
484 729 604 762 entium

329 777 528 822 Divisibilia‚

283 827 370 860 Paca
396 827 598 860 credentium

330 875 432 908 Modo
460 875 600 910 confinia

280 925 350 958 Iam
379 924 608 959 dissidentium

331 974 394 1006 Pro
420 983 506 1008 vana
531 975 645 1017 gloria.

245 1059 253 1067 .
281 1033 462 1066 Pulchrum
489 1033 722 1075 pulchrificans

329 1082 603 1127 pulchrificabile,

282 1132 391 1165 Decor
417 1132 611 1173 specificans

334 1179 572 1222 Specificabile‚

287 1230 339 1263 Sis
366 1239 472 1264 meum
498 1232 655 1265 ordinans

333 1279 552 1322 Rationabile‚

287 1328 349 1361 Cor
377 1338 503 1371 quoque
529 1340 698 1371 reparanS,

333 1378 379 1411 Ut
406 1377 449 1410 sit
474 1380 624 1414 amabile.

247 1463 253 1470 .
283 1437 395 1469 Virtus
421 1437 553 1471 vivifica

330 1486 469 1520 Aeterni
495 1488 691 1529 pneumatis,

283 1536 384 1576 Quem
410 1536 549 1570 laudant
574 1537 703 1570 cantica

332 1585 438 1618 Huius
463 1588 635 1632 poematis,

279 1634 341 1667 Tui
368 1635 515 1669 rectifica

332 1684 463 1718 Virtute
491 1685 651 1726 dogmatis

281 1734 369 1766 Acta
394 1734 547 1768 tristifica

901 432 959 466 47.

901 835 959 869 48.

905 1239 962 1272 49.

331 1783 519 1817 Praesentis
546 1785 742 1818 schismatis,

247 1867 254 1874 .
283 1843 308 1876 O
334 1843 469 1884 spirans
496 1844 613 1886 gratia,

331 1893 478 1926 Pneuma
503 1892 694 1937 salvificum,

281 1941 429 1982 Replens
456 1943 594 1976 scientia

332 1990 474 2024 Chorum
501 1992 721 2035 cherubicum,

988 224 1109 257 Precor
1134 224 1300 258 industria

1036 273 1159 306 Mentis
1186 283 1245 317 per
1272 274 1447 317 canticum,

986 322 1060 356 Duc
1087 323 1129 355 ad
1157 324 1311 356 caelestia

1037 372 1176 413 Gregem
1204 373 1410 406 catholicum.

987 432 1012 466 O
1040 440 1155 473 magne
1180 432 1319 465 Domine

1039 480 1332 522 Superlaudabilis,

988 530 1053 563 Sed
1078 539 1143 562 non
1170 531 1210 564 ab
1237 531 1367 563 homine

1039 579 1361 621 Comprehensibilis,

991 628 1153 662 Colendus
1181 629 1323 662 carmine

1038 677 1202 711 Virtutum
1229 678 1333 711 titulis

989 725 1078 759 Caeli
1103 728 1143 760 ab
1170 727 1298 768 agmine

1036 775 1081 808 Et
1106 778 1216 809 terrae
1241 777 1368 811 incoliS.

989 834 1014 868 Ο
1041 834 1203 876 sapientia

1036 884 1139 917 Missa
1167 886 1208 918 de
1233 885 1372 928 superis,

987 933 1102 967 Carnis
1130 935 1263 967 materia

1034 982 1120 1015 Dum
1146 984 1239 1017 nobis
1266 984 1421 1027 iungeris,

987 1032 1058 1065 Tua
1084 1032 1258 1065 clementia

1036 1080 1101 1113 Det
1127 1082 1221 1114 nobis
1246 1082 1375 1115 miseris

987 1129 1039 1163 Ex
1062 1130 1268 1173 indulgentia

1036 1179 1201 1213 Levamen
1227 1181 1372 1215 sceleris

991 1238 1016 1272 Ο
1045 1238 1149 1271 dulcis
1175 1239 1326 1280 Domine,

1037 1288 1189 1329 Regnans
1215 1289 1404 1330 perenniter

989 1336 1108 1370 Divino
1134 1338 1267 1370 numine

1039 1385 1119 1419 Cum
1144 1391 1240 1426 patre
1265 1388 1391 1428 pariter

989 1434 1172 1476 Sanctoque
1198 1435 1338 1481 flamine,

1038 1484 1302 1518 Misericorditer

989 1533 1027 1566 In
1054 1534 1253 1568 iudicamine

1039 1582 1107 1616 Nos
1133 1593 1215 1617 voca
1239 1585 1371 1621 leniter.

951 1668 957 1674 .
986 1642 1085 1676 Lucis
1113 1644 1274 1677 essentiae

1038 1692 1186 1726 Gausalis
1213 1694 1309 1735 ratio,

988 1741 1128 1775 Sanctae
1155 1743 1314 1777 ecclesiae

1038 1791 1140 1831 Quam
1166 1793 1281 1825 laudat
1307 1794 1427 1834 contio,

988 1841 1241 1875 Misericordiae

1039 1890 1158 1923 Matrls
1185 1892 1290 1924 oratio

990 1939 1132 1973 Nostrae
1158 1942 1310 1973 miseriae

1039 1988 1091 2022 Sit
1115 1989 1310 2026 sublevatiO.

667 2069 985 2110 Quinquagena
1010 2068 1054 2102 II.

248 2166 254 2174 .
283 2139 308 2173 Ο
336 2139 457 2173 bonum
483 2140 633 2174 omnibus

329 2189 421 2223 Dans
447 2191 623 2224 amicitiam

284 2240 402 2273 Veram
429 2240 665 2281 praebentibus

329 2289 404 2322 Tibi
428 2290 590 2334 militiam,

279 2339 332 2372 Da
359 2339 615 2381 deprecantibus

329 2388 446 2423 Cordis
473 2390 680 2428 munditiam,

279 2439 415 2473 Omnem
441 2449 461 2474 a
486 2439 650 2473 mentibus

329 2489 460 2523 Pellens
487 2490 659 2523 malitiam.

907 2139 963 2174 52.

991 2139 1017 2172 Ο
1044 2138 1206 2179 sapientia

1042 2187 1124 2223 oum
1151 2191 1246 2230 patre
1272 2198 1450 2231 procreans

994 2237 1121 2272 Cuncta
1147 2239 1292 2272 causalia

1040 2287 1086 2321 Et
1110 2287 1194 2321 bene
1220 2288 1388 2330 ordinans,

991 2337 1043 2371 Sis
1068 2346 1121 2370 me
1147 2346 1188 2372 ex
1213 2338 1322 2380 gratia

1038 2386 1302 2430 Sapientificans‚

987 2437 1049 2478 Qui
1075 2447 1114 2471 ex
1142 2437 1274 2470 inscitia

1037 2487 1163 2521 Oberro
1191 2487 1367 2527 cespitans.
