1650 2671
682 138 725 143 -
777 119 847 153 202

158 219 213 252 59.
239 218 321 259 Ave,
348 217 440 258 virgo
466 217 600 258 pallium

296 267 481 309 Splendens
506 266 707 310 iacintinum,

246 317 420 350 Involvens
448 315 678 348 candelabrum

297 365 417 398 Nutum
443 373 504 405 per
531 364 685 409 divinum,

247 414 380 447 Allevet
402 413 557 446 auxilium

292 463 397 496 Tuum
424 471 477 494 me
501 463 661 507 supinum,

242 511 418 545 Deiectum
445 520 505 553 per
529 511 670 544 hostium

287 562 448 602 Impetum
474 560 634 593 caninum.

162 640 218 674 60.
246 641 328 683 Ave,
354 639 553 673 invincibilis

295 688 431 722 Gratiae
455 688 584 729 turella,

245 739 403 779 Ignorans
428 737 586 770 terribilis

288 786 418 820 Inimici
444 786 541 830 bella,

242 836 387 874 Praesta,
414 835 600 868 venerabilix

285 884 464 924 Dulcisque
489 885 609 926 puella,

239 933 297 967 Uti
323 938 404 966 stem
430 933 605 966 immobilis

287 983 326 1015 ln
351 982 465 1016 mundi
490 983 646 1022 procella.

158 1060 214 1095 61.
241 1062 323 1103 Ave,
349 1063 454 1093 mater
479 1060 612 1105 gratiae,

289 1110 398 1142 Mater
422 1109 567 1150 pietatis,

241 1159 290 1191 Tu
315 1161 420 1192 mater
444 1157 597 1200 iustitiae,

289 1208 398 1240 Mater
424 1207 582 1247 veritatis,

242 1256 369 1289 Donum
396 1255 618 1298 indulgentiae

289 1306 435 1347 Impetra
460 1307 604 1345 peccatis

241 1354 345 1395 Culpa
370 1352 611 1387 fraudulentiae

290 1404 354 1436 Per
378 1411 430 1434 me
455 1403 665 1443 perpetratis

155 1482 211 1514 62.
238 1483 321 1523 Ave,
347 1480 421 1514 fons
448 1481 650 1523 clementiae,

286 1530 338 1562 De
365 1538 427 1571 quo
453 1538 543 1561 mens
569 1530 690 1570 pusilla

238 1578 343 1611 Sumit
366 1581 478 1619 potum
504 1579 637 1619 gratiae,

286 1628 391 1661 Unica
417 1628 468 1659 vel
494 1627 583 1660 stilla

240 1676 336 1709 Meae
362 1676 580 1709 conscientiae

288 1725 383 1758 Sitim
411 1724 568 1765 refocilla,

239 1774 367 1807 Donum
392 1777 429 1806 ut
453 1774 598 1808 laetitiae

289 1823 425 1865 Semper
450 1823 492 1855 sit
517 1823 550 1856 in
577 1824 644 1858 illa.

160 1903 215 1935 63.
243 1902 324 1942 Ave,
354 1901 459 1934 ferens
486 1902 629 1943 gladium

290 1950 411 1984 Christi
439 1952 599 1992 passionis

239 2001 335 2033 quta
361 2000 548 2033 vaticinium

286 2050 369 2082 Iusti
395 2049 565 2090 Simeonis,

239 2097 291 2130 Da
316 2097 393 2130 mihi
419 2099 620 2138 praesidium

290 2147 525 2180 Consolationis

239 2195 381 2228 Timenti
407 2196 568 2228 obsidium

287 2244 424 2279 Pessimi
452 2246 638 2285 praedoms.

156 2325 212 2358 64.
241 2324 322 2366 Ave,
351 2323 430 2357 caeli
460 2323 599 2368 domina,

288 2373 419 2407 Summa
444 2373 538 2414 prole
563 2372 642 2414 feta,

240 2424 303 2457 Per
327 2432 422 2465 quam
451 2425 567 2455 cuncta
593 2423 731 2456 crimina

290 2473 405 2507 Mundi
433 2474 507 2505 sunt
535 2472 654 2515 deleta,

951 218 1077 252 Virtute
1098 227 1159 259 per
1183 217 1327 251 carmina

998 267 1089 300 Haec
1114 276 1165 299 me
1189 267 1365 308 locupleta,

950 316 1063 349 Hostis
1089 319 1126 348 ut
1150 316 1316 349 molimina

996 365 1108 398 Mente
1134 365 1261 398 vincam
1286 365 1383 399 laeta.

862 443 918 476 65.
945 443 1031 487 Ave,
1058 444 1136 475 luna
1159 444 1309 476 indicans

994 491 1097 525 Nobis
1128 493 1208 524 caeli
1235 492 1330 533 festa,

944 540 1011 574 Ubi
1036 541 1106 573 laus
1134 543 1182 573 est
1209 540 1352 573 iubilans

993 589 1182 630 Cunctaque
1203 589 1362 630 modesta,

943 639 1008 671 Per
1033 639 1069 671 id
1095 647 1226 670 carmen
1247 638 1387 679 elegans,

991 688 1105 720 Mente
1131 696 1208 728 rogo
1235 690 1369 728 maesta,

943 736 1048 770 Aufer
1073 736 1179 769 scelus
1205 736 1356 777 irrogans

991 785 1106 820 Omnia
1131 785 1279 818 molesta.

856 865 911 898 66.
939 865 1022 907 Ave,
1049 864 1160 897 mundi
1189 864 1321 896 domina

987 914 1033 947 Et
1055 913 1282 954 illuminatrix,

939 963 1002 996 Per
1028 972 1123 1006 quarn
1151 960 1251 994 deflet
1276 962 1411 994 crimina

988 1012 1109 1044 Anima
1132 1011 1313 1053 peccatrix,

938 1060 995 1092 Me
1018 1069 1079 1102 per
1104 1060 1168 1091 ista
1196 1060 1341 1092 carmina

986 1109 1065 1154 Tua,
1094 1108 1139 1140 mi
1164 1108 1315 1148 amatrix,

941 1158 1048 1191 Ducat
1073 1157 1115 1190 ad
1139 1157 1315 1189 intermina

988 1206 1132 1239 Trinitas
1160 1206 1314 1241 creatrix,

856 1285 912 1317 67.
939 1286 1021 1326 Ave,
1050 1293 1132 1326 quae
1158 1293 1192 1316 es
1217 1284 1352 1316 caelitus

989 1334 1077 1367 Mira
1101 1334 1197 1374 prole
1221 1332 1300 1374 feta,

940 1383 1040 1423 Quam
1069 1385 1102 1415 et
1126 1385 1202 1423 post
1226 1381 1410 1415 hominibus

989 1431 1138 1465 Genuisti
1163 1431 1261 1471 laeta,

938 1480 1042 1513 Nobis
1070 1480 1313 1514 decertantibus

985 1530 1037 1563 Sis
1062 1529 1250 1570 agonitheta

937 1578 1071 1620 Superis
1098 1578 1280 1619 agminibus

984 1627 1183 1669 Angelorum
1210 1626 1308 1661 freta.

855 1706 911 1740 68.
938 1707 1020 1748 Ave,
1048 1715 1130 1748 quae
1157 1707 1340 1740 dulcedinis

986 1756 1097 1788 Mater
1123 1756 1289 1797 exstitisti,

940 1805 1021 1839 Cum
1048 1806 1169 1838 virtute
1192 1803 1333 1838 flaminis

989 1854 1155 1888 Christum
1183 1855 1375 1897 concepisti,

939 1902 1003 1936 Sed
1031 1903 1258 1936 amaritudinis

986 1953 1089 1986 Plena
1113 1955 1191 1985 tunc
1216 1952 1317 1998 fuisti,

937 2002 1038 2035 Rivos
1065 2002 1151 2035 sacri
1177 2003 1345 2044 sanguinis

988 2051 1124 2091 Quando
1151 2052 1361 2092 conspexisti.

858 2131 912 2164 69.
941 2131 1023 2174 Ave,
1052 2130 1176 2163 cunctis
1201 2130 1327 2163 firmior

986 2180 1025 2212 In
1051 2179 1253 2212 adversitate

941 2228 1104 2270 Caeloque
1130 2228 1283 2261 stabilior

988 2276 1111 2309 Mentis
1137 2275 1303 2322 firmitate,

942 2326 1038 2367 Ecce,
1065 2325 1160 2359 nimis
1187 2326 1303 2359 anxior

987 2374 1065 2408 Mea
1091 2374 1265 2417 pravitate,

940 2423 1093 2463 Subveni‚
1121 2424 1153 2455 te
1180 2424 1351 2468 deprecor,

989 2473 1067 2506 Cum
1096 2473 1273 2521 celeritate:
