1650 2671
160 210 217 244 67.
244 209 326 253 Ave,
355 209 409 250 qui
433 209 467 241 in
494 208 617 240 tumulo

286 259 407 292 Passus
434 258 597 300 quievisti,

237 308 289 340 De
314 317 376 349 quo
401 309 437 341 in
461 307 604 341 diluculo

286 357 402 391 Victor
427 356 600 390 surrexisti

240 406 440 448 Captamque
466 417 485 439 a
510 406 626 439 zabulo

288 456 450 489 Praedam
475 455 638 489 reduxisti

237 505 285 539 Et
309 504 402 539 fideli
427 506 549 549 populo

287 555 383 588 Dona
409 553 615 597 praestitisti.

155 636 211 670 68.
237 635 320 678 Ave,
348 636 403 675 qui
428 634 563 676 angaria

291 684 405 717 Crucis
431 683 633 726 grarabaria

242 732 337 773 Sputi
361 741 421 773 per
446 732 591 765 ludibria

290 781 391 814 Vultu
416 781 616 823 turpabaris,

241 829 367 862 Fellica
393 830 517 862 cibaria

292 878 434 912 Gustans
460 878 647 911 turbabaris

241 927 376 968 Rexque
400 928 550 960 irrisoria

290 977 312 1009 V
321 985 379 1009 oce
405 976 585 1010 vocabaris.

161 1056 216 1089 69.
245 1056 327 1093 Ave,
352 1054 439 1094 Iesu,
467 1063 648 1096 pauperum

316 1103 423 1137 Dulce
447 1104 652 1145 adiuvamen,

244 1153 321 1194 Quis
347 1155 474 1186 tuorum
501 1160 669 1184 munerum

292 1202 444 1235 Praestas
472 1201 688 1245 consolamen,

244 1250 338 1284 Servi
363 1251 410 1283 tui
437 1251 594 1283 scelerum

291 1299 390 1332 Dilue
415 1302 571 1340 atramen,

243 1348 328 1381 Mihi
356 1347 436 1381 dans
461 1349 496 1381 in
521 1350 706 1389 prosterum

293 1396 346 1430 Ab
372 1398 423 1430 his
449 1405 691 1430 conservamen.

160 1477 216 1511 70.
241 1477 324 1518 Ave,
351 1475 545 1509 admirabile

293 1525 440 1557 Pretium
465 1522 590 1566 salutis,

246 1577 314 1614 Quo
340 1574 548 1607 intolerabile

292 1623 405 1663 Iugum
432 1622 599 1656 servitutis

246 1672 395 1714 Tollitur,
422 1681 510 1704 nunc
533 1670 644 1704 flebile

291 1721 432 1762 Tempus
458 1721 633 1753 senectutis

243 1770 340 1803 Meae
365 1769 418 1803 fac
443 1769 586 1803 flexibile

290 1819 345 1852 Ad
370 1820 434 1852 itcr
457 1819 599 1853 virtutit.

163 1898 218 1931 71.
256 1901 329 1937 eive,
358 1899 408 1931 cui
434 1908 569 1931 munera

293 1947 399 1988 Reges
425 1946 535 1980 ferunt
558 1948 634 1991 tria,

246 1999 345 2036 Quem
372 2001 536 2038 regentem
563 1997 673 2031 sidera

293 2045 405 2079 Mente
429 2047 568 2080 laudant
591 2046 656 2089 pia,

246 2094 271 2127 O
297 2096 331 2126 te
355 2095 448 2128 nobis
475 2104 586 2127 resera

296 2143 509 2184 Thesaurum,
536 2144 662 2186 sophia,

248 2192 346 2232 Quem
373 2202 433 2233 per
460 2193 567 2225 carnis
593 2193 720 2227 viscera

296 2241 416 2274 Genuit
440 2242 557 2276 Maria.

164 2324 221 2357 72.
247 2322 331 2364 Ave,
356 2320 414 2354 lux
441 2319 635 2361 splendiflua

296 2370 385 2404 Mira
412 2369 571 2410 claritate,

249 2422 372 2456 Cuncta
402 2420 482 2453 dans
507 2417 638 2451 lucifica

297 2470 334 2503 ln
361 2469 565 2510 aeternitate,

942 209 999 242 Mc
1024 210 1128 240 tecum
1163 207 1307 241 clarifica.

990 257 1114 291 Mentis
1141 258 1299 291 caecitate

941 308 1051 348 Atque
1076 306 1125 338 sic
1149 306 1291 339 iustifica

989 356 1042 389 Ab
1068 355 1252 397 iniquitate.

860 436 916 470 73.
944 436 1025 476 Ave,
1051 444 1069 467 o
1097 433 1295 476 principium

989 486 1065 518 Iesu
1091 483 1196 517 omnis
1221 483 1308 527 boni,

943 534 1050 576 Caput
1076 532 1231 574 frangens
1256 533 1392 574 impium

990 583 1111 624 Stygeo
1140 582 1284 624 draconi,

941 633 1031 666 Tuae
1057 631 1102 664 sis
1128 631 1329 672 praesidium

990 680 1241 723 Congregationi

942 730 1147 771 Nostraeque
1172 729 1353 762 subsidium

989 779 1042 812 Da
1068 779 1262 820 cognationi.

861 860 916 892 74.
943 859 1027 898 Ave,
1056 866 1119 897 quo
1147 856 1286 890 colluvio

989 906 1113 939 Mentis
1141 906 1330 950 deputatur,

940 956 992 989 Ex
1020 955 1150 987 diverso
1178 955 1256 988 vitio

991 1005 1079 1045 Quae
1105 1004 1307 1037 coadunatur

944 1053 1051 1087 Cornu
1079 1056 1110 1085 et
1137 1054 1275 1087 tentatio

991 1102 1054 1135 Per
1079 1105 1112 1134 te
1140 1101 1365 1143 confringatur

941 1151 1062 1196 Hostis,
1092 1160 1156 1191 qua
1180 1159 1239 1183 nos
1261 1151 1369 1184 crucio

990 1200 1139 1233 Tradere
1166 1203 1312 1234 conatur.

859 1279 914 1312 75.
942 1279 1026 1318 Ave,
1054 1277 1255 1311 Homousion

991 1327 1097 1360 Notus
1123 1327 1157 1359 in
1183 1324 1317 1371 Iudaea,

942 1377 1042 1417 Quem
1067 1376 1199 1417 ignorat
1222 1376 1371 1417 Babylon

989 1424 1167 1459 Pravitatis
1193 1434 1260 1464 rea,

945 1474 1054 1507 Meam
1075 1482 1180 1514 purga
1205 1474 1372 1515 thymicon

991 1524 1067 1556 Irae
1092 1532 1111 1554 a
1136 1523 1303 1566 morphea,

946 1573 1001 1606 Sic
1025 1581 1077 1604 me
1103 1572 1244 1605 clemens
1268 1572 1304 1604 in
1330 1571 1408 1605 Sion

993 1621 1072 1655 Cum
1099 1621 1212 1653 electis
1238 1621 1309 1656 bea.

859 1701 915 1733 76.
944 1703 1026 1743 Ave,
1054 1709 1147 1741 quem
1174 1701 1345 1742 praesagia

994 1750 1110 1782 Vatum
1139 1749 1297 1790 cecinere,

943 1799 1093 1832 Hominis
1120 1797 1291 1841 naufragia

992 1848 1123 1881 Tollere
1148 1847 1278 1890 debere,

942 1898 1033 1930 Tuae
1058 1906 1110 1929 me
1136 1898 1275 1939 vestigia

994 1947 1088 1979 Vitae
1114 1945 1167 1979 fac
1193 1949 1315 1989 tenere,

942 1997 990 2030 Ut
1015 2005 1131 2037 queam
1157 1994 1291 2038 fastigia

993 2045 1083 2079 Caeli
1109 2045 1269 2080 obtinere.

860 2126 915 2158 77.
943 2119 1026 2168 Ave,
1054 2133 1071 2156 o
1099 2124 1253 2156 viaticum

993 2173 1114 2214 Populi
1140 2174 1244 2216 egeni,

946 2222 1088 2255 Chorum
1113 2230 1250 2262 pascens
1275 2223 1432 2255 caelicum

993 2271 1127 2304 Ordinis
1152 2271 1281 2316 noveni,

946 2319 971 2351 O
997 2320 1115 2351 alimen
1140 2319 1317 2362 vivificum,

992 2368 1050 2401 Me
1076 2377 1193 2400 sanare
1217 2370 1304 2412 veni,

947 2416 1049 2449 Omne
1074 2417 1236 2450 mundans
1261 2419 1423 2453 lubricum

996 2467 1108 2499 Animi
1134 2465 1257 2501 effreni.
