1650 2671
676 154 718 158 —
772 135 843 171 234
891 154 941 158 .—

136 232 216 265 108.
233 231 358 274 Gaude,
378 234 480 278 virgo,
496 233 604 265 lumen
617 231 776 277 fidelium,

234 281 329 314 Salus
355 283 396 316 ad
426 286 457 314 te
483 281 747 324 confugientium,

232 330 374 372 Linguas
401 332 579 372 comprime

306 379 546 414 detrahentium

230 428 282 460 Au
294 437 485 469 perversum
495 429 639 470 ipsorum
652 429 772 462 odium.

136 521 153 554 1
161 521 217 555 09.
234 520 358 565 Gaude,
367 523 469 563 virgo,
481 522 636 554 virtutum
646 522 774 563 cellula,

233 570 428 611 Figurarum
447 570 622 604 florescens
638 571 774 612 virgula,

234 619 423 653 Sacerdotis
450 620 576 652 aeterni
602 620 725 661 gerula,

230 669 452 702 Interventrix
466 670 510 701 sis
524 670 629 702 nostri
649 669 773 701 sedula.

136 760 219 795 110.
235 760 359 804 Gaude,
391 764 493 806 virgo,
522 763 606 795 cella
631 762 766 806 vinaria,

234 810 358 843 Potans
387 813 522 852 caelum,

306 863 427 894 terram
456 865 489 893 et
512 861 626 904 maria,

231 908 312 946 Tua,
340 918 470 949 quaeso.
499 910 587 943 dulci
613 910 770 942 memoria

237 958 452 998 Protegamur
477 959 517 991 ab
545 959 646 991 hostis
674 957 769 992 furia.

140 1050 219 1083 111.
236 1050 360 1093 Gaude,
389 1052 490 1093 virgo,

310 1108 393 1139 quae
419 1101 531 1134 mundi
558 1100 703 1133 tenebris

234 1148 382 1181 Edidisti
407 1150 515 1181 lumen
545 1150 586 1182 de
610 1149 748 1193 superis,

235 1196 395 1230 Miserere
405 1198 476 1241 mis,
490 1207 619 1239 quaeso,
630 1198 795 1239 pauperis,

236 1245 287 1277 Ne
297 1244 426 1279 inferno
436 1247 550 1279 tradar
560 1256 630 1279 cum
636 1247 775 1280 miseris.

141 1340 157 1373 1
166 1339 220 1373 12.
239 1338 363 1372 Gaude.
374 1344 481 1373 mater
489 1341 651 1373 mixturae
657 1341 776 1384 nescia,

233 1388 322 1420 Rosa
330 1387 481 1431 fragrans
489 1393 519 1421 et
528 1390 625 1422 stella
632 1389 777 1431 praevia,

235 1436 432 1478 Serpentina
455 1439 566 1479 lapsos
592 1438 737 1479 nequitia

232 1486 394 1519 Relevare
420 1491 476 1519 tua
501 1487 657 1528 potentia.

140 1573 218 1607 113.
237 1574 361 1614 Gaude,
389 1575 479 1616 virgo
498 1577 610 1607 Aaron
633 1576 776 1618 gracilis,

233 1623 322 1655 Mire
336 1629 468 1657 exstans
482 1624 637 1656 virtutum
647 1623 778 1666 fertilis,

234 1672 282 1703 Te
305 1676 420 1705 exorat
445 1681 535 1705 mens
558 1682 631 1705 mea
647 1671 776 1715 flebilis,

233 1720 291 1753 Uti
318 1719 375 1753 fiat
401 1722 435 1753 in
460 1720 526 1754 fide
552 1721 690 1756 stabilis.

137 1809 217 1842 114.
235 1808 361 1851 Gaude,
390 1810 588 1842 consolatrix

306 1859 520 1891 maerentium

233 1907 285 1938 Ac
310 1907 456 1940 adiutrix

309 1955 440 1989 Christo
467 1958 682 2000 credentium,

233 2005 323 2038 Audi
348 2005 499 2045 planctus

309 2055 423 2094 poenis
451 2056 646 2098 degentium,

234 2103 442 2136 Adiuvamen

310 2154 398 2185 tuum
428 2155 663 2194 quaerentium.

141 2241 221 2275 115.
238 2240 364 2282 Gaude,
391 2241 499 2274 arbor.

309 2289 399 2323 cuius
424 2290 647 2323 umbraculum

235 2339 422 2381 Frigeravit
436 2340 588 2373 adustum
603 2340 779 2381 saeculum,

234 2389 449 2422 Peccatorum

311 2439 478 2480 disrumpe
503 2438 666 2471 v1nculum

235 2490 286 2521 Ac
306 2486 447 2521 defende
463 2488 592 2521 fidelem
612 2487 780 2528 populum.

837 235 917 268 116.
934 234 1060 274 Gaude,
1087 236 1165 265 nata

1006 283 1047 316 de
1073 291 1185 323 regum
1211 283 1393 322 stemmate,

932 332 1133 366 Obumbrata
1143 334 1276 364 aeterno
1288 331 1473 372 pneumate,

931 381 1152 422 Supernorum
1165 381 1300 413 laudata
1313 381 1475 418 neumate,

931 430 1060 462 Mentes
1088 432 1216 462 nostras

1005 479 1098 520 reple
1124 478 1329 511 charismate.

836 558 916 591 117.
930 556 1056 598 Gaude,
1084 557 1185 601 virgo,
1205 559 1301 596 porta
1318 555 1473 598 iustitiae,

932 607 1033 646 Quam
1060 605 1264 638 circumdant

1005 654 1087 687 caeli
1114 654 1261 691 deliciae,

932 703 1039 736 Menti
1055 712 1148 735 meae
1164 710 1320 736 succurre
1334 701 1475 741 sauciae,

935 753 1067 785 Pondus
1093 752 1221 793 pellens

1007 801 1048 834 ab
1076 801 1136 834 hac
1162 799 1358 833 maestitiae.

839 881 919 914 118.
936 880 1063 919 Gaude,
1077 881 1182 911 mater
1194 877 1317 912 Christi
1331 875 1481 915 mirifica,

933 929 1061 971 Quaein
1070 928 1167 960 caelis
1174 936 1291 968 regnas
1298 924 1481 968 magnifica,

935 978 1070 1010 Servum
1097 980 1188 1009 tuum
1215 985 1307 1008 reum
1331 973 1473 1007 iustifica

934 1027 985 1059 Ac
1010 1026 1044 1058 in
1071 1025 1136 1058 fine
1161 1026 1216 1066 pie
1240 1023 1393 1057 laetifica.

838 1106 918 1140 119.
935 1104 1061 1145 Gaude,
1090 1104 1191 1144 virgo,
1212 1102 1362 1135 caelestis
1380 1101 1481 1143 viola,

936 1153 1061 1187 Cuncta
1084 1152 1239 1193 frangens

1008 1211 1155 1234 errorum
1183 1200 1313 1240 frivola,

934 1252 1105 1292 Temptam
1110 1254 1186 1283 enta
1193 1249 1328 1290 maligni
1340 1248 1400 1281 sub
1405 1248 1481 1281 dola

935 1299 1051 1342 Aufer,
1067 1299 1149 1332 caeli
1167 1298 1222 1332 fac
1239 1301 1277 1331 ut
1289 1298 1350 1331 sim
1363 1298 1481 1331 incola.

840 1380 921 1412 120.
938 1378 1063 1417 Gaude,
1089 1386 1150 1418 per
1177 1386 1272 1418 quam

1008 1427 1170 1459 caelorum
1198 1426 1306 1458 aditus

936 1474 1482 1518 Reseraturpraeclususprimitus,

936 1525 1002 1558 Per
1027 1529 1069 1564 te,
1098 1533 1303 1567 quaesumuS,

1009 1577 1121 1606 noster
1142 1573 1247 1605 exitus

935 1622 1107 1664 Dirigatur
1132 1626 1230 1663 atque
1255 1623 1420 1654 introitus⁸

839 1701 918 1735 121.
935 1700 1061 1737 Gaude.
1088 1704 1193 1733 mater

1007 1751 1194 1792 splendoris
1222 1749 1347 1789 caelicif

935 1798 1036 1838 Quam
1065 1799 1255 1832 collaudant

1010 1846 1104 1881 chori
1129 1848 1280 1891 angelici,

935 1898 1152 1932 Obsecramus
1177 1901 1210 1929 te
1233 1901 1308 1930 voto
1329 1895 1481 1941 supplici,

934 1947 1015 1980 Dies
1041 1947 1146 1979 nostri
1171 1950 1207 1979 ut
1234 1946 1301 1979 sint
1323 1945 1466 1988 pacifici.

840 2021 920 2054 122.
937 2020 1062 2058 Gaude,
1091 2019 1217 2052 fructus

1013 2069 1163 2102 caelestis
1190 2069 1323 2113 hortuli,

937 2120 988 2151 Ex
1003 2128 1066 2159 quo
1081 2117 1188 2151 fluunt
1199 2118 1358 2152 virtutum
1373 2118 1482 2163 rivuli,

937 2168 991 2200 Ad
1018 2171 1051 2200 te
1078 2168 1181 2200 nostri
1207 2168 1361 2200 levantur
1387 2168 1485 2209 oculi,

936 2216 988 2249 Ne
1004 2226 1062 2249 nos
1073 2216 1208 2249 turbent
1217 2217 1352 2257 superbi
1360 2217 1485 2258 populi.

840 2292 858 2326 1
865 2293 921 2326 23.
939 2290 1064 2335 Gaude,
1073 2291 1228 2324 materad
1237 2295 1268 2323 te
1275 2291 1486 2324 clamantium

937 2340 989 2373 Ac
998 2340 1143 2372 solamen
1150 2343 1240 2373 tuum
1248 2341 1487 2381 quaerentium,

938 2388 1007 2422 Nos
1033 2398 1161 2431 emerge
1180 2389 1272 2431 aquis
1292 2391 1489 2424 torrentium

940 2438 1147 2480 Laqueisquc

1013 2488 1123 2530 Stygis
1150 2498 1164 2521 1
1172 2490 1347 2525 enantium,
1410 2482 1416 2485 ”
