1650 2671
679 113 918 148 ,78-

143 214 199 247 80.
226 214 311 256 Ave,
336 212 396 247 flos
423 213 582 255 virginee,

139 637 196 671 81.

138 1059 194 1093 82.

138 1479 195 1512 83.

138 2324 195 2357 85.

271 263 401 297 Pellens
428 262 604 296 foeditates

221 312 398 356 Scelerum,
427 320 507 353 quas
534 319 671 343 carneae

270 361 415 403 Gignunt
438 361 633 401 voluptates,

218 410 416 444 Molliantur
439 417 555 442 aereae

270 459 334 492 Per
360 463 394 492 te
418 459 601 491 voluntates

220 508 372 550 Nostrae,
400 517 479 548 quas
506 508 623 539 aereae

268 556 431 590 indurant
455 558 646 598 potestates.

222 638 306 677 Ave,
334 636 542 668 seminarium

271 685 382 719 Omnis
410 684 614 725 disciplinae,

222 734 340 767 Semen
365 732 474 766 ferens
499 733 626 765 varium

273 783 422 816 Caelicae
450 782 630 823 doctrinae,

223 832 346 865 Stellae
369 840 430 872 per
456 829 641 872 suffragium

270 880 410 914 Tribuas
436 880 582 913 marinae

224 929 358 963 Gratiae
383 929 583 970 praesidium

271 978 366 1012 Plebi
390 978 616 1019 paupertinae.

221 1058 305 1099 Ave,
331 1055 507 1089 ineffabilis

270 1106 360 1139 Deus
387 1109 420 1137 et
443 1103 599 1146 perfecte,

224 1154 340 1187 Carnis
363 1154 455 1186 nobis
480 1152 595 1186 similis

270 1203 397 1236 Natura
423 1202 545 1241 effecte,

221 1252 274 1285 Da
297 1255 332 1284 te
355 1251 577 1284 tabernaculis

272 1301 370 1343 Caeli,
398 1301 442 1332 mi
469 1300 597 1341 dilecte,

221 1349 431 1383 Saeculorum
456 1349 595 1381 saeculis

270 1398 417 1431 Laudem
444 1399 688 1438 circumspecte.

222 1479 305 1519 Ave,
333 1478 417 1518 Iesu,
446 1476 585 1517 virginal

270 1526 404 1560 Sacrum
431 1531 485 1567 qui
509 1525 652 1568 intrasti,

221 1577 285 1609 Per
309 1579 436 1617 signum
462 1574 612 1607 lerobaal

271 1625 364 1665 Quod
389 1622 629 1665 praefigurasti,

222 1673 368 1706 Tandem
395 1680 521 1714 quoque
548 1672 717 1704 bacchinal

270 1723 410 1762 Propter
434 1731 493 1754 nos
516 1721 648 1754 calcasti

221 1771 267 1804 Et
292 1772 458 1812 antiquum
485 1770 592 1804 Belial

271 1820 325 1853 Sic
351 1819 565 1860 exsuperasti.

186 1925 194 1932 .
223 1901 303 1940 Ave,
331 1900 385 1939 qui
414 1898 593 1932 visceribus

270 1949 375 1981 Natus
401 1948 642 1989 praecolendae

222 1997 377 2038 Virginis,
403 1996 556 2030 fidelibus

273 2047 387 2088 Carae,
414 2047 670 2089 amplectendae,

221 2095 303 2128 Eius
325 2094 419 2128 nobis
446 2094 598 2136 precibus

273 2145 427 2187 'seipsum
453 2144 601 2185 ostende,

222 2193 340 2226 Pacem
367 2193 409 2226 da
434 2192 632 2235 petentibus,

271 2242 418 2276 Gratiam
446 2242 610 2284 impende.

222 2323 305 2364 Ave,
331 2321 534 2363 imputribile

269 2372 344 2405 Iesu
368 2372 457 2404 vitae
483 2371 617 2411 lignum,

221 2421 302 2455 Eius
328 2425 361 2454 te
386 2420 527 2453 amabile

271 2471 447 2504 Praestans
474 2473 506 2503 et
531 2468 717 2512 benignum,

789 423 798 429 ’
838 435 895 469 86.

836 857 892 890 87.

837 1276 893 1310 88.

836 1697 894 1733 89.

836 2122 893 2155 90.

925 212 949 245 O
976 210 1244 245 incommutabile

978 260 1128 305 Verbum,
1156 269 1281 293 mecum
1308 260 1435 302 signum

921 309 991 342 Fac
1016 309 1052 342 in
1077 309 1172 352 bono,
1199 307 1310 342 flebile

970 358 1102 392 Pellens
1127 368 1166 392 ac
1190 359 1381 400 malignum.

921 436 1006 478 Ave,
1034 436 1089 477 qui
1115 436 1307 478 prophetico

971 485 1036 519 Ore
1061 485 1289 530 prophetatus,

921 533 1043 566 Nuntio
1069 534 1217 575 angelico

968 582 1073 615 Matri
1097 583 1275 624 nuntiatus,

922 633 1033 672 Atque
1058 631 1106 663 sic
1127 630 1265 664 mirifico

969 680 1064 713 More
1089 681 1276 714 incarnatus

920 728 1080 770 Donoque
1107 729 1222 763 deifico

969 778 1057 812 Puer
1083 778 1176 811 nobis
1201 781 1308 814 natus.

920 857 1002 898 Ave,
1031 866 1048 889 o
1077 857 1280 890 credentium

970 905 1065 938 Salus
1090 904 1303 949 sempiterna,

921 955 1043 995 Quibus
1070 963 1104 987 es
1130 955 1319 988 caelestium

968 1004 1161 1044 Largiturus
1188 1013 1300 1047 verna,

918 1052 1048 1094 Fugere
1073 1062 1125 1085 me
1151 1053 1292 1086 hostium

971 1101 1072 1134 Caute
1095 1101 1149 1133 fac
1175 1110 1325 1144 caverna,

921 1149 971 1181 Ne
997 1152 1112 1189 captus
1138 1160 1198 1191 per
1224 1151 1305 1183 vitia

969 1199 1103 1239 Mergar
1128 1199 1161 1231 in
1187 1197 1328 1234 inferna.

920 1279 1002 1321 Ave,
1029 1277 1084 1318 qui
1111 1278 1269 1312 ecclesiae

970 1326 1111 1359 Sanctae
1135 1327 1358 1361 monarchiam

919 1375 1048 1408 Tenens
1074 1384 1134 1417 per
1157 1376 1303 1409 iustitiae

967 1424 1064 1457 Hanc
1089 1424 1225 1458 deducis
1254 1425 1354 1468 viam,

919 1471 990 1505 Fac
1014 1481 1075 1515 per
1099 1478 1237 1506 matrem
1262 1475 1388 1515 gratiae

970 1522 1136 1563 Virginem
1159 1523 1311 1563 Mariam,

919 1570 977 1603 Me
1001 1571 1093 1612 sequi
1117 1572 1265 1613 plenarie

970 1620 1078 1653 Patris
1102 1623 1136 1653 te
1160 1620 1319 1662 sophiam.

920 1699 1003 1740 Ave,
1031 1698 1116 1740 Iesu,
1143 1698 1262 1733 nobilis

970 1748 1094 1781 Veniae
1117 1749 1287 1793 pincerna,

921 1796 1065 1838 Fulgens
1090 1797 1223 1831 laudum
1249 1799 1353 1831 titulis

971 1846 1081 1880 Veluti
1105 1847 1249 1891 lucerna,

921 1893 1018 1937 Legis
1044 1899 1120 1928 tuae
1145 1896 1267 1940 regulis

969 1945 1022 1977 Ita
1045 1954 1099 1977 me
1125 1946 1282 1987 guberna,

921 1993 968 2027 Ut
993 1994 1171 2037 coniungat
1195 1996 1320 2036 angelis

968 2043 1074 2077 Domo
1100 2044 1134 2077 in
1159 2053 1313 2084 superna.

920 2122 1002 2165 Ave,
1028 2123 1147 2155 mentis
1174 2123 1369 2165 splendidae

971 2171 1120 2205 Clemens
1146 2171 1323 2217 habitator,

922 2218 1044 2252 Salutis
1070 2221 1276 2254 omnimodae

969 2269 1047 2302 Pius
1072 2273 1255 2312 reparator,

921 2318 991 2351 Fac
1017 2329 1128 2353 amare
1153 2319 1283 2353 fervide

970 2368 1028 2402 Me
1050 2373 1094 2410 te,
1121 2370 1165 2401 mi
1191 2373 1329 2409 amator,

920 2416 973 2449 Ne
997 2427 1049 2451 me
1075 2419 1185 2452 vincat
1210 2419 1331 2453 callide

969 2468 1094 2510 Impius
1118 2472 1310 2511 temptator.
