1650 2671
732 140 774 145 —
829 119 897 154 150
950 138 996 143 —-

187 219 243 253 21.
258 220 340 258 Ave,
368 219 459 251 cuius
484 217 609 251 exstitit
635 218 774 259 virginal

258 267 469 308 Impollutum
501 267 540 299 ab
567 266 654 298 omni
683 267 827 305 crimine,

257 316 325 349 Nos
351 325 370 347 a
395 319 486 348 truce
514 323 671 348 conserva
695 315 802 348 Belial

258 365 320 397 Tui
334 364 457 396 ventris
472 365 659 404 redemptos
669 364 824 405 germine.

186 425 242 456 22.
257 424 339 466 Ave,
367 423 457 455 cuius
482 431 616 463 precum
641 422 796 457 instantia

258 472 474 504 Restauratur
498 471 580 504 fides
607 471 799 511 Theophilo.

258 520 411 553 Sitientes
437 523 610 560 precantes
636 521 720 552 satia

261 569 394 601 Pietatis
423 569 464 601 de
486 568 585 602 fontis
610 569 738 609 poculo.

186 628 243 661 23.
258 628 340 666 Ave,
368 627 487 659 victrix
515 636 578 668 qua
604 627 668 659 dux
691 626 827 660 militiae

258 678 362 709 Assur
380 675 577 709 Holofernes
596 677 827 717 prosternitur,

258 725 384 758 Donum
412 725 504 758 nobis
533 725 575 758 da
599 725 815 769 innocentiae,

260 774 318 807 Cui
339 775 454 807 virtuti
472 775 595 807 caelum
614 775 825 814 promittitur.

187 835 243 868 24.
257 834 339 873 Ave,
356 833 445 865 cuius
460 834 562 873 prolis
571 841 631 873 per
640 834 826 874 sanguinem

258 882 322 915 Est
347 884 471 914 amotus
499 882 583 914 ensis
609 883 783 924 versatilis,

258 931 381 963 Mentis
406 940 498 963 meae
525 930 595 963 dita
619 932 805 972 pauperiem

261 979 467 1012 Phalerando
480 980 635 1011 virtutum
646 979 827 1022 gemmulis

188 1040 243 1072 25.
259 1040 341 1074 Ave,
364 1038 460 1071 stella
485 1048 503 1071 o
530 1038 710 1080 serenifiea,

260 1088 288 1120 T
291 1086 481 1120 enebrarum
496 1087 620 1128 pultrix
634 1086 830 1126 formidinis,

261 1136 356 1169 Servi
381 1136 429 1167 tui
454 1140 595 1168 mentem
620 1135 761 1177 purifica

261 1185 314 1219 Ab
333 1184 394 1217 hac
409 1184 525 1226 fugans
540 1185 662 1217 imbres
672 1185 831 1218 libidinis,

190 1245 246 1278 26.
263 1245 346 1284 Ave,
375 1244 477 1276 tutrix
503 1244 609 1277 Deum
635 1244 817 1276 timentium

262 1297 372 1334 Atque
396 1293 515 1325 mentis
540 1292 744 1333 illuminatio,

261 1342 318 1375 Me
344 1350 363 1373 a
388 1340 520 1374 feritate
546 1342 729 1374 nocentium

262 1391 343 1430 Tua,
372 1399 503 1431 quaeso,
529 1393 637 1423 servet
659 1390 831 1431 protectio.

188 1450 245 1482 27.
263 1449 345 1489 Ave,
370 1448 543 1482 benedicta
570 1458 590 1481 a
614 1448 765 1491 Domino,

262 1499 454 1531 Protectore
479 1498 512 1530 in
539 1502 571 1530 te
597 1498 810 1538 sperantium.

261 1547 330 1579 Nos
357 1547 476 1578 amoris
504 1550 634 1579 renecte
659 1547 794 1588 glutino,

264 1598 349 1635 Quos
373 1595 488 1628 livoris
515 1595 624 1628 turbat
651 1596 831 1629 dissidium.

189 1655 244 1688 28.
259 1656 341 1687 Ave,
368 1654 468 1696 virgo,
497 1655 531 1688 in
560 1655 649 1687 cuius
676 1657 832 1697 gremium

261 1701 304 1738 Se
331 1704 454 1744 recepit
482 1703 577 1736 fortis
603 1704 802 1747 rhinoceros,

261 1752 416 1786 Obtinere
441 1757 625 1786 sanctorum
651 1755 831 1794 praemium

261 1802 285 1835 O
312 1802 409 1834 beata
435 1801 487 1834 fac
514 1811 565 1834 me
590 1803 771 1837 theotocos.

188 1860 340 1901 29.Ave.
369 1860 470 1905 virgo,
498 1871 558 1903 per
582 1871 675 1903 quam
693 1862 833 1895 beatitas

260 1909 322 1942 Est
346 1909 477 1951 incepta
503 1911 634 1943 humani
660 1912 798 1953 generis,

261 1959 340 2001 Tua,
368 1968 497 2003 precor,
525 1960 632 1993 solvat
648 1960 832 2003 benignitas

260 2007 456 2041 Habitantes
482 2009 515 2041 in
544 2009 638 2043 domo
666 2010 817 2044 carceris„

191 2066 246 2099 30.
262 2067 345 2104 Ave,
364 2066 465 2110 virgo,
494 2068 613 2101 amoris
633 2069 832 2112 scrinimum,

263 2115 421 2156 Copulata
446 2121 559 2150 sancto
585 2118 726 2158 spiritui,

264 2164 380 2197 Cordis
406 2165 469 2196 mei
495 2165 618 2198 munda
642 2167 820 2200 triclinium

265 2213 371 2246 Prolis
398 2216 475 2246 tuae
501 2218 617 2255 aptans
644 2216 819 2256 amplexui.

192 2273 248 2307 31.
266 2276 347 2315 Ave,
376 2281 454 2305 arca
479 2273 551 2305 Noe
577 2282 660 2313 quae
686 2275 816 2315 diceris,

262 2321 420 2355 Mundum
448 2322 578 2355 salvans

335 2371 480 2411 peccatis
506 2369 709 2413 naufragum,

263 2420 440 2462 Expiatrix
465 2422 510 2453 sis
536 2420 600 2453 mei
626 2421 771 2464 sceleris,

263 2470 491 2504 Reconcilians
517 2470 587 2503 Deo
613 2470 796 2512 prodigum.

888 219 945 251 32.
959 218 1043 258 Ave,
1062 217 1165 260 virgo,
1184 224 1268 258 quae
1285 225 1306 247 a
1323 212 1532 247 credentibus

959 264 1336 307 Venerarisperlaudem
1345 271 1533 305 congruam,

958 312 1129 348 Infrenato
1155 323 1207 347 me
1233 313 1295 346 Dei
1320 312 1484 351 laudibus

960 363 1199 405 Neutequusin
1207 368 1532 403 praecepscorruam.

887 423 943 456 33.
960 425 1042 463 Ave,
1071 420 1128 453 fax
1155 420 1306 454 caelestis
1330 417 1530 461 candelabri,

962 471 1175 503 Peccatorum
1203 469 1371 502 resolvens
1397 466 1530 510 loculos,

961 519 1067 559 Super
1085 517 1216 551 foedum
1235 526 1334 549 caeno
1354 515 1516 549 volutabti

961 568 1098 600 Pietatis
1126 566 1259 600 reflecte
1282 566 1404 598 oculos.

887 628 944 661 34.
959 628 1042 668 Ave,
1070 626 1173 668 virgo,
1200 633 1261 667 per
1288 624 1379 657 cuius
1405 623 1508 657 filium

956 676 1144 716 Reparatur
1169 676 1205 708 in
1231 677 1341 706 mente
1367 673 1497 715 debilis,

960 725 1042 758 Esto
1069 725 1147 757 mihi
1171 725 1205 756 in
1232 723 1441 766 adiutorium,

960 775 1011 808 Ne
1036 777 1073 805 ut
1098 774 1197 806 arbor
1223 773 1347 805 evellar
1371 771 1504 805 sterilis.

888 834 1041 875 35.Ave‚
1070 833 1172 874 virgo,
1202 836 1234 864 et
1260 830 1333 863 fons
1359 831 1484 872 irrigue

961 882 1073 915 Omnis
1101 882 1176 913 boni
1205 885 1238 913 et
1260 881 1377 920 plenus
1404 879 1521 921 gratia,

961 930 1142 964 Ambulare
1167 931 1215 962 sic
1240 938 1293 961 me
1312 928 1366 961 fac
1384 936 1535 971 congrue,

964 980 1015 1012 Ne
1027 978 1189 1012 offendam
1199 987 1392 1020 quemquam
1398 977 1534 1010 malitia.

891 1040 947 1073 36.
961 1040 1044 1079 Ave,
1071 1039 1249 1070 relevatrix
1277 1037 1468 1076 labentium,

963 1088 1032 1120 Hos
1043 1096 1062 1119 a
1074 1096 1150 1119 casu
1161 1088 1337 1119 clementer
1347 1086 1534 1127 sublevans,

965 1136 1074 1178 Purga
1098 1137 1214 1169 sordes

1036 1188 1223 1217 nostrarum
1245 1184 1413 1223 mentium,

964 1235 1050 1275 Quos
1077 1234 1223 1267 foedavit
1250 1242 1325 1265 caro
1350 1232 1535 1265 tabificans.

892 1295 949 1327 37.
962 1294 1045 1332 Ave,
1073 1293 1175 1335 virgo,
1198 1291 1280 1325 flore
1297 1295 1388 1324 stans
1405 1290 1535 1334 florida,

966 1342 1062 1375 Cuius
1089 1342 1171 1374 odor
1196 1344 1321 1374 mentes
1347 1341 1501 1381 inebriat,

966 1391 1075 1424 Corda
1092 1394 1207 1423 nostra
1224 1391 1370 1432 peccatis
1386 1389 1537 1422 morbida

965 1439 1062 1480 Sana,
1073 1440 1176 1472 hostis
1185 1442 1297 1472 noster
1309 1448 1390 1480 quae
1399 1438 1534 1472 sauciat.

892 1500 948 1533 38.
965 1500 1047 1542 Ave,
1074 1502 1180 1531 mater
1205 1498 1309 1540 prolis
1335 1498 1514 1530 altissimae

962 1548 1163 1589 Pietatisque
1188 1547 1438 1590 thesaurarium,

961 1598 999 1630 In
1029 1597 1094 1629 diei
1120 1597 1202 1630 hora
1227 1596 1404 1630 novissima

964 1646 1061 1681 Mihi,
1086 1655 1214 1690 precor,
1247 1646 1292 1677 sis
1319 1646 1528 1678 adiutorium.

893 1705 948 1738 39.
963 1707 1045 1746 Ave,
1075 1706 1182 1747 stella,
1209 1704 1337 1737 marina
1362 1703 1499 1746 fulgida,

964 1755 1153 1787 Illustratur
1171 1764 1235 1796 qua
1247 1755 1367 1786 mentis
1385 1754 1537 1795 caecitas,

966 1803 1075 1837 Corda
1091 1807 1207 1836 nostra
1226 1812 1373 1845 expurga
1390 1803 1537 1847 sordida,

967 1853 1154 1893 Inquinavit
1172 1861 1255 1894 quae
1270 1853 1383 1885 mundi
1400 1852 1539 1887 vanitaS.

892 1913 1047 1951 40.Ave,
1075 1912 1178 1956 virgo,
1206 1921 1283 1945 rosa
1310 1913 1351 1945 de
1376 1913 1516 1952 Iericho,

965 1962 1070 1995 Fama
1086 1962 1177 1994 olens
1195 1971 1255 2003 per
1268 1963 1382 1995 mundi
1396 1964 1537 2007 climata,

964 2011 1032 2052 Me,
1045 2012 1098 2052 qui
1112 2020 1242 2044 carmen
1251 2011 1315 2043 hoc
1322 2012 1384 2045 tibi
1394 2012 1538 2054 porrigo,

966 2063 996 2093 A
1023 2061 1152 2100 peccati
1177 2064 1284 2093 morte
1309 2063 1480 2095 resuscita.

893 2121 950 2153 41.
966 2120 1049 2159 Ave,
1058 2117 1142 2152 fons.
1153 2120 1195 2152 ad
1202 2128 1297 2160 quem
1304 2130 1420 2153 cervus
1426 2121 1541 2154 sitiens

966 2168 1161 2210 Festinavit,
1188 2170 1328 2201 salutem
1352 2170 1530 2215 hominum,

967 2217 1098 2250 Summo
1125 2217 1195 2250 Deo
1223 2221 1256 2250 et
1281 2218 1343 2251 tibi
1370 2220 1528 2253 confitens

966 2267 998 2298 A
1022 2268 1152 2299 terrore
1165 2269 1316 2300 servetur
1336 2268 1541 2304 daemonum.

894 2326 950 2358 42.
966 2325 1048 2364 Ave,
1076 2325 1181 2367 virgo,
1208 2334 1328 2359 aurora
1353 2328 1503 2374 rutilans,

966 2374 1089 2407 Lucem
1100 2374 1188 2407 vitae
1195 2375 1375 2409 immittens
1382 2377 1540 2422 tenebris,

968 2423 1037 2456 Has
1056 2432 1075 2455 a
1092 2426 1201 2456 mente
1218 2423 1263 2457 sis
1279 2434 1352 2458 mea
1368 2429 1541 2471 ventilans,

970 2472 1016 2507 Ut
1029 2475 1061 2504 te
1078 2472 1175 2513 digne
1187 2473 1317 2506 laudem
1331 2484 1402 2508 cum
1413 2479 1541 2513 ceteris.
