1650 2671
186 207 244 241 38.
271 206 354 248 Ave,
379 208 473 248 virgo
499 207 619 241 stabile

182 630 240 664 39.

180 1053 239 1087 40.

182 1476 240 1509 41.

182 1902 240 1934 42.

178 2328 236 2364 43.

316 255 413 289 Fidei
441 255 606 299 fulcimen,

269 304 335 338 Sub
362 314 425 346 quo
453 306 567 347 vulgus
594 305 704 340 flebile

318 355 455 396 Recipit
479 357 655 397 munimen,

270 402 373 436 Tuum
403 405 609 450 delectabile,

316 453 421 486 Tuum
449 454 492 487 da
517 454 716 496 blandimen,

267 502 388 535 Mortis
416 511 487 536 cum
514 504 679 537 tristabile

317 553 395 586 Sum
419 561 594 586 scansurus
620 554 730 588 limen.

267 631 350 674 Ave,
377 640 475 672 quam
498 632 673 673 aggredior

318 679 465 721 Supplex
492 681 554 713 hac
578 680 612 713 in
637 689 745 724 prece,

271 727 319 762 Ut
345 738 397 763 me
421 729 569 772 mundes,
597 729 749 770 inquiner

317 778 380 818 Qui
404 778 533 819 peccati
559 777 663 817 faece,

267 826 371 859 Tuum
398 830 519 869 natum,
550 827 719 869 deprecor,

314 875 377 908 Pia
402 880 515 918 mater,
542 875 659 914 mulce,

264 923 315 956 Ne
344 923 485 963 damnet,
512 932 608 965 quam
633 932 773 964 mereor,

314 973 369 1005 Me
395 973 540 1007 secunda
565 981 655 1007 nece.

266 1055 349 1093 Ave,
378 1052 484 1095 stella,
514 1051 655 1084 caecitas

319 1101 443 1135 Mentis
470 1110 534 1142 qua
559 1100 701 1144 fugatur,

268 1150 433 1191 Guiusque
458 1150 618 1183 serenitas

318 1200 348 1232 A
375 1199 468 1232 nobis
494 1204 633 1243 amatur,

270 1249 336 1282 Per
360 1251 393 1280 te
420 1257 494 1281 nam
521 1247 694 1282 infirmitas

317 1298 420 1332 Vetus
444 1298 640 1341 medicatur,

268 1347 314 1381 Et
338 1348 443 1380 omnis
470 1346 645 1380 austeritas

316 1396 413 1438 Legis
439 1398 651 1438 temperatur.

269 1476 352 1517 Ave,
381 1475 594 1508 hauritorium

319 1524 410 1565 Quae
437 1533 470 1557 es
497 1524 563 1557 vivi
590 1522 700 1568 fontis,

266 1574 302 1607 In
331 1577 458 1606 coetum
487 1574 686 1607 credentium

314 1624 379 1656 Per
404 1626 437 1656 te
463 1623 656 1665 emanantis,

268 1672 367 1706 Sume
389 1672 609 1706 laudatorium

315 1722 416 1755 Modo
444 1726 477 1754 te
502 1722 653 1763 amantis,

264 1772 317 1807 Ab
343 1772 416 1813 ipso
442 1771 629 1804 incendium

317 1821 451 1854 Pellens
477 1821 715 1863 Phlegetontis,

268 1901 351 1943 Ave,
378 1899 480 1943 virgo,
509 1899 640 1933 luminis

321 1949 466 1990 Lampas
491 1948 694 1991 sempiterni,

268 1999 361 2039 Quod
387 1998 547 2039 propellit
571 1999 711 2031 hominis

321 2048 489 2082 Tenebras
516 2048 648 2093 interni,

268 2098 372 2134 Manu
397 2107 449 2131 me
473 2098 642 2140 regiminis

317 2147 435 2190 Dirige
460 2149 611 2188 materni,

269 2198 321 2231 Ne
345 2201 423 2240 post
450 2197 512 2231 vim
541 2196 700 2231 examinis

314 2247 372 2281 Me
400 2248 570 2290 contingat
593 2247 717 2288 sperni.

264 2328 347 2372 Ave,
374 2326 556 2361 honorifica

314 2377 548 2421 Redemptoris
574 2379 691 2419 mater,

266 2427 395 2461 Pietate
422 2427 519 2461 unica

317 2476 380 2517 Qui
406 2479 454 2510 est
481 2478 575 2511 nobis
605 2476 718 2521 frater,

810 109 878 146 185
931 129 975 133 —

890 438 947 470 44.

885 1280 943 1313 46.

893 2129 950 2163 48.

972 209 1042 251 lpsi
1066 218 1126 242 nos
1151 206 1281 251 unifica,

1022 259 1047 292 Ο
1074 257 1194 291 amoris
1222 259 1339 298 crater,

972 309 1057 349 Quos
1083 306 1201 340 fraude
1224 303 1406 347 sophistica

1019 356 1134 390 Hostis
1159 357 1259 388 vexat
1283 356 1364 388 ater.

975 437 1057 479 Ave,
1086 436 1176 468 cuius
1203 435 1330 477 species

1019 485 1051 517 A
1076 484 1170 517 nobis
1197 486 1324 516 amatur

974 533 1044 566 Nec
1069 542 1130 566 nou
1155 535 1187 564 et
1213 531 1337 574 effigies

1021 582 1100 615 Iure
1124 583 1310 623 veneratur,

975 631 1060 664 Nam
1085 633 1120 662 tu
1147 638 1180 663 es
1205 629 1369 671 materies,

1022 679 1091 719 Qua
1115 679 1379 719 praeparabatur

974 728 1103 762 Christo
1128 728 1203 761 Deo
1230 726 1370 771 requies,

1022 776 1100 810 Cum
1127 775 1371 809 incarnabatur.

939 880 945 888 .
973 856 1055 898 Ave,
1083 854 1175 887 sidus
1201 853 1364 895 fulgidum

1020 903 1182 936 Caelicum
1211 904 1291 936 dans
1315 902 1434 936 lumen.

970 954 1095 986 Mundo
1121 952 1265 985 reddens
1290 950 1458 993 placidum

1018 1001 1260 1042 Sempiternum
1286 1009 1416 1043 numen,

970 1051 1054 1092 Riga
1079 1060 1131 1083 me
1156 1059 1242 1083 nunc
1268 1049 1396 1082 aridum

1023 1100 1084 1133 Per
1110 1100 1229 1132 amoris
1255 1097 1376 1131 flumen

971 1149 1178 1190 Sublevaque
1202 1148 1343 1189 rigidum

1019 1199 1074 1231 Ad
1101 1198 1183 1231 caeli
1211 1206 1375 1232 cacumen.

973 1281 1053 1320 Ave,
1083 1277 1134 1310 cui
1161 1277 1266 1310 milito

1020 1326 1093 1359 Hac
1117 1326 1152 1358 in
1178 1326 1317 1366 poetria,

971 1377 1073 1417 Quam
1101 1379 1134 1407 et
1159 1374 1306 1417 gaudens
1332 1375 1434 1406 recito

1018 1425 1141 1459 Mentis
1167 1423 1375 1466 symphonia,

971 1474 1019 1507 Te
1044 1474 1167 1507 honore
1195 1472 1306 1506 debito

1021 1524 1152 1567 Precor,
1182 1532 1200 1555 o
1224 1522 1344 1559 Maria,

971 1573 1017 1607 Ut
1041 1583 1094 1606 me
1119 1574 1227 1605 salves
1251 1571 1369 1605 merito

1019 1622 1100 1664 Tuo.
1130 1627 1221 1664 virgo
1249 1622 1314 1662 pia.

936 1731 941 1737 .
969 1703 1052 1743 Ave,
1082 1701 1172 1735 cuius
1198 1700 1318 1734 nobilis

1023 1751 1223 1793 Genealogia

974 1801 1130 1835 Proditur
1152 1810 1174 1834 a
1198 1799 1339 1833 saeculis

1022 1851 1130 1884 Multa
1156 1848 1342 1892 prophetia,

975 1899 1093 1933 Serves
1120 1909 1140 1932 a
1164 1898 1302 1941 piaculis

1021 1949 1091 1993 Me,
1119 1949 1211 1991 virgo
1235 1948 1356 1990 Maria,

974 1999 1035 2040 Qui
1061 2002 1094 2031 te
1120 1998 1252 2032 laudum
1282 1997 1385 2030 titulis

1025 2047 1141 2082 Laudo
1167 2051 1276 2081 mente
1301 2047 1366 2088 pia.

978 2129 1063 2173 Ave,
1091 2130 1197 2161 mater
1220 2128 1315 2161 niveo

1023 2175 1242 2220 Praefulgens
1268 2177 1457 2218 splendore,

975 2227 1060 2262 Nam
1089 2236 1167 2262 vere
1192 2227 1339 2270 virgineo

1024 2277 1161 2315 Emines
1187 2277 1325 2318 pudore,

977 2327 1048 2361 Tuo
1074 2335 1127 2360 me
1153 2327 1306 2361 calcaneo

1026 2376 1148 2411 Dehito
1175 2378 1299 2411 honore

976 2427 1177 2461 Haerentem
1205 2428 1351 2460 tartareo

1031 2477 1150 2511 Serves
1177 2487 1194 2509 a
1221 2474 1362 2510 fervore.
