1650 2671
737 146 786 151 -—
838 126 907 162 140
957 147 1005 151 -

197 226 255 260 40.
275 225 359 268 Ave,
385 227 490 258 mater
516 224 619 266 prolis
640 223 802 266 ingenuae

270 274 424 315 Eligente
449 276 483 306 te
509 273 571 306 Dei
596 273 714 315 gratia,

272 323 371 356 Vitae
395 332 498 364 meae,
526 331 657 364 quaeso,
684 321 841 354 occiduae

273 371 340 405 Det
365 372 510 405 solamen
534 374 591 404 tua
617 370 798 403 elementia.

193 460 350 502 41.Ave‚
378 460 471 493 navis
498 458 607 492 ferens
633 457 796 500 suffragia,

268 509 357 550 Quae
384 508 530 542 divinum

343 558 488 591 mulcent
511 557 684 599 imperium

270 606 501 640 Concinentem
528 610 585 639 tua
609 605 783 647 praesagia

266 655 340 688 Duc
366 655 400 688 in
428 656 508 688 caeli
536 654 763 697 epulatorium.

195 745 253 777 42.
268 745 351 788 Ave,
379 753 456 777 vera
482 753 559 785 spes
586 744 655 778 veri
682 743 803 786 gaudii,

267 794 336 833 Qua
363 793 512 826 levamur
536 793 641 834 pressi
668 793 833 826 maestitia

266 842 333 884 Me,
361 851 455 883 quem
478 845 584 874 motus

344 890 541 931 perturbant
564 891 659 934 varii,

267 938 448 972 Sublevare
474 943 531 972 tua
557 939 740 973 clementia.

191 1028 249 1062 43.
264 1027 348 1069 Ave,
376 1037 440 1069 qua
464 1028 612 1069 paradisi
636 1028 734 1060 ianua

268 1076 429 1117 Aperitur
455 1077 566 1109 clausa
591 1086 610 1109 a
636 1077 777 1116 saeculo,

268 1124 411 1157 Furnam
432 1125 539 1158 carnis
558 1125 687 1166 culpam
703 1134 834 1167 evacua,

270 1172 330 1206 Cui
355 1174 491 1206 adhaesi
509 1174 573 1206 heu
590 1174 691 1208 corde
708 1174 834 1207 sedulo.

187 1261 246 1294 44.
263 1261 345 1302 Ave,
374 1266 467 1304 virga
491 1262 630 1295 Assueri
656 1272 765 1302 aurea,

260 1310 394 1352 Signum
420 1312 541 1344 mundo

340 1360 451 1392 datum
478 1361 680 1402 clementiae,

268 1408 387 1442 Cervix
411 1418 484 1442 mea
511 1408 683 1451 frangatur
709 1408 829 1450 ferrea,

269 1458 332 1491 Per
358 1461 391 1490 te
417 1467 521 1498 capax
547 1461 585 1490 ut
608 1457 668 1491 fiat
693 1459 829 1499 gratiae.

901 226 959 259 45.
974 226 1056 269 Ave,
1085 225 1177 267 virgo
1204 222 1437 266 sapientissimi

973 273 1155 308 Salomonis
1182 273 1437 315 reclinatorium,

972 323 1095 356 Arcum
1118 323 1222 356 nostri

1046 372 1148 405 hostis
1174 370 1366 413 nequissimi

972 421 1077 454 Tuum
1104 420 1219 462 frange
1244 429 1305 462 per
1332 418 1543 453 adiutorium.

899 510 956 545 46.
972 510 1056 551 Ave,
1083 509 1198 542 videns
1223 509 1265 542 ab
1292 507 1445 541 olinifero

971 558 1087 591 Monte
1111 561 1224 590 natum

1047 607 1172 640 caelum
1205 606 1395 649 ascendere,

971 656 1049 700 Fac,
1077 656 1185 700 beata,
1212 665 1264 688 me
1290 654 1360 699 tibi,
1389 653 1535 698 obsecro,

972 704 1147 745 Sapienter
1171 705 1256 738 hanc
1273 704 1369 737 odam
1387 703 1540 747 psallere.

898 795 955 828 47.
971 794 1053 837 Ave,
1079 793 1191 826 mundi
1210 793 1380 834 praecelsa
1399 791 1541 832 domina,

972 842 1031 876 Cui
1058 842 1121 875 hoe
1146 851 1275 875 carmen

1044 891 1112 924 libo
1139 891 1373 932 harmonicum,

971 940 1208 981 Deplorantem
1232 949 1285 972 me
1312 948 1386 972 mea
1405 938 1545 971 crimina

968 989 1042 1022 Duc
1058 989 1092 1021 in
1111 998 1261 1030 campum
1278 987 1536 1030 paradisiacum.

896 1078 953 1111 48.
969 1077 1050 1118 Ave,
1079 1077 1172 1119 virgo
1196 1075 1270 1109 fons
1296 1085 1434 1109 manans
1457 1076 1540 1109 satie

969 1124 1158 1158 Gratiarum
1185 1125 1273 1159 rivos
1301 1124 1521 1164 credentibus,

966 1174 1064 1215 Aqua
1089 1177 1166 1215 pota
1192 1183 1246 1206 me
1271 1174 1455 1216 sapientiae

968 1224 1202 1264 comparatum
1229 1223 1473 1264 insipientibus.

895 1314 952 1347 49.
966 1312 1049 1356 Ave,
1078 1314 1181 1356 virgo,
1214 1311 1266 1344 cui
1292 1311 1398 1345 libens
1428 1311 1529 1346 offero

968 1361 1109 1395 Carmen
1127 1361 1217 1393 istud
1237 1359 1350 1394 fructu
1370 1361 1536 1405 eximium,

967 1409 1023 1443 Ad
1041 1409 1188 1442 tribunal
1205 1418 1279 1442 cum
1300 1410 1417 1443 duetus
1431 1409 1535 1454 fuero,

968 1458 1074 1492 Tuum
1099 1458 1206 1491 salvet
1230 1468 1282 1491 me
1306 1459 1540 1500 patrocinium.

526 1547 582 1579 50.
609 1546 692 1589 Ave,
719 1555 780 1588 per
806 1556 903 1588 quam
928 1546 1189 1580 misericordiam

607 1595 639 1629 A
665 1605 807 1637 superno
833 1605 996 1628 meremur
1018 1596 1161 1636 numine,

608 1645 710 1677 Prece
734 1647 791 1677 tua
815 1645 906 1677 velut
929 1645 987 1678 nix
1012 1644 1151 1687 albeam,

611 1693 673 1734 Qui
697 1693 827 1736 peccati
851 1696 967 1735 turpor
992 1694 1174 1736 nigredine.

671 1781 987 1823 Quinquagena
1010 1782 1054 1816 ΙΙ.

191 1859 248 1893 51.
264 1858 371 1900 Salve,
398 1859 501 1901 virgo,
530 1859 629 1892 arbor
645 1858 828 1902 fructifera,

261 1908 420 1940 Fructum
427 1907 536 1940 ferens
544 1908 633 1941 vitae
637 1912 827 1951 perpetuae,

262 1956 322 1989 Pia
345 1960 461 1998 mater,
489 1961 601 1990 nostra
627 1956 775 1990 facinora

261 2005 346 2038 Dele
372 2009 404 2038 et
429 2006 469 2038 ab
495 2006 590 2038 hoste
615 2016 673 2038 nos
701 2015 787 2041 erue.

191 2095 247 2127 52.
264 2094 370 2136 Salve,
398 2103 459 2135 per
485 2094 575 2127 cuius
602 2094 768 2136 opificium

259 2143 389 2184 Lapsus
403 2143 491 2176 redit
502 2143 544 2176 ad
559 2146 679 2176 statum
690 2145 826 2187 gratiae,

260 2192 361 2225 Cordi
386 2201 458 2225 meo
486 2201 583 2226 caeco
609 2202 670 2234 per
695 2193 808 2226 vitium

260 2240 385 2274 Lumen
411 2242 505 2274 mitte
530 2241 784 2284 intellegentiae.

187 2330 245 2364 53.
260 2329 367 2370 Salve,
394 2330 498 2371 virgo,
526 2329 617 2362 cuius
642 2331 799 2364 memoria

262 2379 378 2413 Dulcis
403 2379 485 2412 mihi
511 2381 620 2412 exstat
644 2378 791 2424 refectio,

263 2429 355 2463 Odae
378 2428 473 2461 huius
499 2438 591 2461 sume
618 2429 764 2470 donaria„

259 2478 349 2518 Quae
376 2478 492 2511 devoto
515 2477 582 2511 libo
609 2478 753 2512 servitio.

893 1862 948 1895 54.
966 1860 1073 1905 Salve,
1093 1860 1198 1903 virgo,
1223 1861 1303 1895 urbs
1323 1861 1540 1907 fortitudinis,

967 1909 1216 1952 Circumsaepta
1224 1912 1381 1944 virtutum
1388 1913 1538 1957 moeniis,

965 1960 1184 2001 Praegravato
1211 1961 1297 1993 mole
1324 1960 1513 1995 formidinis

963 2008 1015 2041 Sis
1041 2009 1207 2042 munimen
1236 2010 1301 2043 tuis
1327 2011 1518 2052 praesidiis.

892 2099 948 2131 55.
965 2097 1073 2139 Salve,
1093 2098 1198 2140 virgo,
1218 2099 1356 2132 thronus
1376 2100 1539 2133 eburneus

963 2147 1063 2188 Regis
1090 2147 1298 2180 hierarchiae
1323 2150 1505 2192 angelicae,

964 2197 1003 2229 In
1031 2195 1184 2229 conflictu
1209 2206 1251 2229 ne
1275 2207 1335 2230 nos
1361 2202 1527 2233 tartareus

961 2245 1076 2278 Hostis
1105 2246 1229 2290 vincat,
1259 2249 1293 2278 te
1309 2247 1417 2288 ipsam
1434 2248 1540 2285 obice.

889 2333 946 2367 56.
965 2332 1074 2374 Salve,
1101 2343 1184 2375 quae
1210 2334 1243 2367 in
1268 2335 1402 2369 stellato
1428 2337 1513 2372 solio

962 2382 1131 2415 Exaltaris
1157 2383 1250 2417 iuxta
1276 2385 1487 2428 altissimum,

965 2431 1065 2464 Verbi
1090 2432 1153 2465 Dei
1180 2437 1276 2467 acuto
1301 2434 1412 2476 gladio

963 2480 1054 2513 Servi
1083 2482 1129 2514 tui
1152 2482 1310 2525 transfige
1333 2485 1486 2519 animam.
