1650 2671
259 249 314 284 34.
341 248 424 292 Ave,
453 257 471 281 o
494 248 668 282 mitissime

389 297 485 339 Agne
511 300 662 332 sternens
690 297 811 332 fortem

344 347 473 387 Lupum
501 356 563 389 per
587 348 816 382 sanctissimae

389 396 505 431 Carnis
531 400 608 430 tuae
632 400 781 440 mortem,

340 445 483 479 Prohibe
508 456 572 490 me,
599 446 751 490 Domine,

393 494 547 537 Stygeam
576 496 753 540 cohortem,

343 543 395 577 Ne
421 546 533 578 trahat
558 555 618 586 pro
647 546 784 579 crimine

389 593 459 627 Nos
484 595 528 628 ad
554 603 645 628 suam
673 598 806 628 sortem.

255 673 313 705 35.
337 671 422 714 Ave,
450 673 729 714 simplicissimum

394 721 441 755 Et
463 723 652 756 universale

344 770 481 815 Lumen,
508 772 597 813 patri
622 772 780 805 luminum

391 821 526 853 Penitus
552 821 699 864 aequale,

343 870 483 903 Praesta
510 870 630 903 donum
657 870 815 911 optimum

392 918 606 961 Sapientiam,

344 968 437 1009 Quod
459 968 564 1009 pellat
589 968 815 1001 taeterrimum

393 1017 501 1051 Chaos
529 1018 707 1051 criminale.

256 1096 313 1129 36.
342 1095 425 1137 Ave,
453 1096 513 1139 sol,
542 1096 597 1137 qui
624 1096 712 1137 algui

390 1145 568 1178 Praevales
594 1144 738 1188 obstare,

342 1193 404 1235 Qui
430 1194 551 1226 amoris
578 1194 682 1227 mutui

390 1243 517 1276 Bonum
545 1243 617 1276 vult
642 1242 787 1286 turbare,

346 1291 450 1325 Caute
477 1290 531 1324 fac
556 1301 615 1325 nos
642 1292 728 1324 astui

394 1340 510 1374 Hostis
536 1341 682 1383 obviare,

347 1389 459 1431 Stygis
487 1390 543 1431 qui
568 1399 628 1423 nos
655 1391 760 1422 aestui

397 1438 516 1472 Gliscit
544 1439 713 1481 deputare.

251 1517 307 1550 37.
337 1517 421 1559 Ave,
449 1516 535 1558 ignis
562 1516 748 1560 splendide,

392 1566 481 1600 Vitia
507 1566 711 1607 comburens,

343 1616 530 1649 Puritatem
556 1615 713 1648 sordidae

390 1664 532 1697 Animae
558 1664 731 1706 reducens,

343 1714 468 1747 Mentis
493 1723 586 1747 meae
612 1714 785 1747 morbidae

387 1763 533 1796 Vulnera
559 1763 604 1795 sis
628 1772 739 1805 urens,

335 1812 467 1846 Indidit
492 1821 575 1854 quae
602 1813 722 1845 callide

389 1863 586 1896 Persecutor
613 1860 736 1896 furens,

251 1942 308 1977 38.
335 1943 420 1983 Ave,
447 1942 502 1983 qui
531 1941 589 1974 das
616 1942 757 1984 gratiam

386 1991 430 2025 Et
457 1991 693 2033 benignitatem

337 2040 514 2084 Spernenti
537 2041 697 2073 malitiam

391 2091 502 2132 Atque
528 2090 718 2131 vanitatem,

341 2140 405 2183 Da,
433 2140 534 2174 vitem
560 2140 735 2182 luxuriam,

386 2189 513 2231 Sequar
540 2190 737 2231 castitatem,

335 2240 524 2281 Persequar
549 2237 729 2283 fallaciam,

386 2290 507 2322 Amem
532 2289 719 2323 veritatem.

253 2370 311 2405 39.
340 2369 423 2413 Ave,
452 2368 543 2401 cuius
568 2368 710 2409 pedibus

384 2416 563 2452 Peccatrix
589 2416 717 2451 famosa

335 2467 506 2501 Assistens
531 2467 592 2500 hos
619 2467 764 2501 crinibus

390 2517 504 2549 Tersit
530 2516 695 2558 dolorosa,

966 478 1024 511 40.

964 901 1022 935 41.

963 1324 1021 1357 42.

963 1747 1020 1779 43.

962 2172 1019 2204 44.

1054 250 1142 283 Hinc
1167 258 1229 290 per
1254 252 1288 282 te
1316 249 1507 282 clementius

1101 300 1209 333 Facta
1234 299 1385 341 speciosa

1052 349 1177 382 Meruit
1202 357 1283 389 prae
1309 347 1460 381 omnibus

1102 399 1187 432 Esse
1213 407 1372 432 amorosa.

1052 478 1134 521 Ave,
1164 477 1254 509 sidus
1282 477 1449 518 caelicum,

1102 526 1201 560 Fidei
1227 525 1388 568 fulgorem

1051 576 1212 618 Largiens
1240 579 1273 607 et
1297 576 1462 608 mellicum

1102 624 1289 658 Gratiarum
1317 634 1435 664 rorem,

1051 673 1233 707 Animabur
1260 674 1446 714 supplicum

1100 724 1205 756 Tuum
1233 731 1293 763 per
1319 732 1462 755 amorem

1052 772 1191 805 Praesta
1214 771 1401 804 beatificum

1099 821 1226 854 Statum
1253 824 1330 861 post
1354 821 1510 854 laborem.

1049 901 1132 943 Ave,
1159 899 1236 932 vitis
1262 900 1398 940 gratiae.

1097 948 1183 983 Vitis
1209 957 1378 990 generosa,

1048 998 1205 1032 Fundens
1230 997 1454 1039 indulgentiae

1096 1048 1182 1081 Vina
1208 1047 1351 1090 copiosa,

1048 1096 1133 1138 Riga
1160 1096 1379 1128 eonscientiae

1098 1146 1195 1178 Meae
1221 1144 1362 1189 aridosa,

1048 1194 1177 1227 Donum
1206 1194 1262 1226 des
1288 1194 1435 1226 laetitiae

1097 1243 1227 1276 Pellens
1254 1243 1414 1276 luctuosa.

1048 1323 1132 1365 Ave,
1159 1322 1332 1365 sapientia,

1099 1370 1179 1413 Spei
1205 1371 1378 1414 certitudo,

1051 1420 1149 1454 Cuius
1176 1421 1367 1452 venerantia

1097 1470 1177 1503 Odis
1204 1469 1255 1501 his
1284 1470 1419 1511 desudo,

1047 1519 1111 1561 En,
1140 1526 1192 1551 me
1217 1519 1338 1560 premit
1364 1518 1456 1551 varia

1097 1567 1221 1601 Mentis
1247 1567 1413 1612 valetudo,

1048 1618 1120 1650 Tua
1145 1616 1251 1658 pellas
1278 1617 1384 1658 gratia

1100 1667 1202 1707 Quam
1228 1669 1261 1698 et
1286 1664 1457 1700 fortitudo.

1050 1749 1131 1789 Ave,
1159 1754 1269 1778 rerum
1296 1745 1440 1778 omnium

1098 1795 1231 1828 Summa
1256 1794 1476 1836 pulchritudo,

1050 1845 1120 1885 Qua
1145 1844 1323 1877 mundatur
1348 1845 1504 1877 mentium

1099 1893 1214 1927 Foeda
1239 1893 1421 1934 turpitudo,

1051 1942 1262 1984 Propellatur
1288 1943 1433 1975 tristium

1097 1993 1162 2025 Per
1190 1994 1223 2023 te
1248 1992 1457 2034 maestitudo,

1048 2041 1155 2075 Fraus
1183 2050 1279 2082 quam
1305 2039 1409 2074 infert
1434 2042 1576 2075 hostium

1097 2091 1143 2124 Et
1168 2090 1363 2125 amaritudo.

1049 2171 1132 2214 Ave,
1161 2169 1216 2211 qui
1241 2170 1400 2203 malitiam

1095 2220 1141 2254 Et
1166 2219 1370 2260 impietatem

1047 2270 1150 2304 Pellis
1177 2277 1237 2310 per
1262 2269 1422 2302 iustitiam

1096 2319 1207 2361 Atque
1234 2318 1421 2361 veritatem,

1047 2369 1101 2402 Da
1126 2378 1187 2410 per
1213 2370 1304 2400 tuam
1334 2368 1474 2409 gratiam

1097 2418 1144 2452 Et
1169 2417 1405 2458 benignitatem

1048 2468 1154 2500 Nobis
1182 2466 1266 2500 caeli
1292 2467 1430 2507 gloriam

1097 2517 1161 2550 Per
1186 2516 1426 2550 aeternitatem.
