<?xml version="1.0" encoding="UTF-8"?>
<!DOCTYPE html PUBLIC "-//W3C//DTD XHTML 1.0 Transitional//EN"
    "http://www.w3.org/TR/xhtml1/DTD/xhtml1-transitional.dtd">
<html xmlns="http://www.w3.org/1999/xhtml" xml:lang="en" lang="en">
 <head>
  <title>
</title>
<meta http-equiv="Content-Type" content="text/html;charset=utf-8" />
  <meta name='ocr-system' content='tesseract 3.04.00' />
  <meta name='ocr-capabilities' content='ocr_page ocr_carea ocr_par ocr_line ocrx_word'/>
</head>
<body>
  <div class='ocr_page' id='page_1' title='image "./analectahymnica38drevuoft_00040.png"; bbox 0 0 1650 2671; ppageno 0'>
   <div class='ocr_carea' id='block_1_1' title="bbox 167 206 609 348">
    <p class='ocr_par' dir='ltr' id='par_1_1' title="bbox 167 206 609 348">
     <span class='ocr_line' id='line_1_1' title="bbox 167 206 581 241; baseline 0 -2"><span class='ocrx_word' id='word_1_1' title='bbox 167 206 247 241; x_wconf 82' lang='lat'>130.</span> <span class='ocrx_word' id='word_1_2' title='bbox 275 206 402 240; x_wconf 86' lang='lat' dir='ltr'><strong>Lumen</strong></span> <span class='ocrx_word' id='word_1_3' title='bbox 427 206 581 240; x_wconf 82' lang='lat' dir='ltr'>mirabile</span> 
     </span>
     <span class='ocr_line' id='line_1_2' title="bbox 321 255 609 301; baseline 0.007 -13"><span class='ocrx_word' id='word_1_4' title='bbox 321 255 369 288; x_wconf 90' lang='lat' dir='ltr'>Te</span> <span class='ocrx_word' id='word_1_5' title='bbox 394 257 609 301; x_wconf 78' lang='lat' dir='ltr'>intuentibUS,</span> 
     </span>
     <span class='ocr_line' id='line_1_3' title="bbox 272 304 494 348; baseline -0.005 -9"><span class='ocrx_word' id='word_1_6' title='bbox 272 304 494 348; x_wconf 77' lang='lat' dir='ltr'>Intellegibiie</span> 
     </span>
    </p>
   </div>
   <div class='ocr_carea' id='block_1_2' title="bbox 324 353 649 397">
    <p class='ocr_par' dir='ltr' id='par_1_2' title="bbox 324 353 649 397">
     <span class='ocr_line' id='line_1_4' title="bbox 324 353 649 397; baseline -0.003 -9"><span class='ocrx_word' id='word_1_7' title='bbox 324 354 483 397; x_wconf 86' lang='lat' dir='ltr'>Supernis</span> <span class='ocrx_word' id='word_1_8' title='bbox 511 353 649 397; x_wconf 84' lang='lat' dir='ltr'>civibus,</span> 
     </span>
    </p>
   </div>
   <div class='ocr_carea' id='block_1_3' title="bbox 275 404 554 447">
    <p class='ocr_par' dir='ltr' id='par_1_3' title="bbox 275 404 554 447">
     <span class='ocr_line' id='line_1_5' title="bbox 275 404 554 447; baseline -0.004 -9"><span class='ocrx_word' id='word_1_9' title='bbox 275 405 342 447; x_wconf 88' lang='lat' dir='ltr'>Sup</span> <span class='ocrx_word' id='word_1_10' title='bbox 347 404 554 438; x_wconf 79' lang='lat' dir='ltr'>erlaudabsse</span> 
     </span>
    </p>
   </div>
   <div class='ocr_carea' id='block_1_4' title="bbox 323 454 681 497">
    <p class='ocr_par' dir='ltr' id='par_1_4' title="bbox 323 454 681 497">
     <span class='ocr_line' id='line_1_6' title="bbox 323 454 681 497; baseline 0 -10"><span class='ocrx_word' id='word_1_11' title='bbox 323 455 372 488; x_wconf 84' lang='lat' dir='ltr'>Te</span> <span class='ocrx_word' id='word_1_12' title='bbox 399 454 681 497; x_wconf 81' lang='lat' dir='ltr'>cognoscentibus,</span> 
     </span>
    </p>
   </div>
   <div class='ocr_carea' id='block_1_5' title="bbox 225 503 610 586">
    <p class='ocr_par' dir='ltr' id='par_1_5' title="bbox 225 503 610 586">
     <span class='ocr_line' id='line_1_7' title="bbox 225 503 576 545; baseline 0.003 -10"><span class='ocrx_word' id='word_1_13' title='bbox 225 516 231 522; x_wconf 75' lang='lat'>=</span> <span class='ocrx_word' id='word_1_14' title='bbox 275 503 324 536; x_wconf 85' lang='lat' dir='ltr'>Te</span> <span class='ocrx_word' id='word_1_15' title='bbox 349 504 576 545; x_wconf 86' lang='lat' dir='ltr'>praeamabile</span> 
     </span>
     <span class='ocr_line' id='line_1_8' title="bbox 324 553 610 586; baseline -0.003 0"><span class='ocrx_word' id='word_1_16' title='bbox 324 553 610 586; x_wconf 85' lang='lat' dir='ltr'>Desiderantibus.</span> 
     </span>
    </p>
   </div>
   <div class='ocr_carea' id='block_1_6' title="bbox 171 632 620 773">
    <p class='ocr_par' dir='ltr' id='par_1_6' title="bbox 171 632 620 773">
     <span class='ocr_line' id='line_1_9' title="bbox 171 632 620 675; baseline -0.002 -10"><span class='ocrx_word' id='word_1_17' title='bbox 171 632 249 666; x_wconf 88' lang='lat'>131.</span> <span class='ocrx_word' id='word_1_18' title='bbox 279 633 304 666; x_wconf 94' lang='grc' dir='ltr'>Ο</span> <span class='ocrx_word' id='word_1_19' title='bbox 332 641 457 666; x_wconf 89' lang='lat' dir='ltr'>summe</span> <span class='ocrx_word' id='word_1_20' title='bbox 481 633 620 675; x_wconf 85' lang='lat' dir='ltr'>genitor,</span> 
     </span>
     <span class='ocr_line' id='line_1_10' title="bbox 328 682 617 723; baseline -0.003 -9"><span class='ocrx_word' id='word_1_21' title='bbox 328 682 390 723; x_wconf 77' lang='lat' dir='ltr'>Qui</span> <span class='ocrx_word' id='word_1_22' title='bbox 418 682 617 723; x_wconf 84' lang='lat' dir='ltr'>unigenitum</span> 
     </span>
     <span class='ocr_line' id='line_1_11' title="bbox 280 730 593 773; baseline -0.003 -9"><span class='ocrx_word' id='word_1_23' title='bbox 280 730 406 773; x_wconf 79' lang='lat' dir='ltr'>Gignis,</span> <span class='ocrx_word' id='word_1_24' title='bbox 434 730 593 772; x_wconf 86' lang='lat' dir='ltr'>profiteor</span> 
     </span>
    </p>
   </div>
   <div class='ocr_carea' id='block_1_7' title="bbox 326 779 776 822">
    <p class='ocr_par' dir='ltr' id='par_1_7' title="bbox 326 779 776 822">
     <span class='ocr_line' id='line_1_12' title="bbox 326 779 776 822; baseline 0 -10"><span class='ocrx_word' id='word_1_25' title='bbox 326 781 426 821; x_wconf 77' lang='lat' dir='ltr'>Quem</span> <span class='ocrx_word' id='word_1_26' title='bbox 451 783 598 812; x_wconf 86' lang='lat' dir='ltr'>nostrum</span> <span class='ocrx_word' id='word_1_27' title='bbox 624 779 776 822; x_wconf 86' lang='lat' dir='ltr'>pretium,</span> 
     </span>
    </p>
   </div>
   <div class='ocr_carea' id='block_1_8' title="bbox 277 828 640 870">
    <p class='ocr_par' dir='ltr' id='par_1_8' title="bbox 277 828 640 870">
     <span class='ocr_line' id='line_1_13' title="bbox 277 828 640 870; baseline 0 -9"><span class='ocrx_word' id='word_1_28' title='bbox 277 829 325 862; x_wconf 88' lang='lat' dir='ltr'>Te</span> <span class='ocrx_word' id='word_1_29' title='bbox 350 828 440 870; x_wconf 84' lang='lat' dir='ltr'>mihi,</span> <span class='ocrx_word' id='word_1_30' title='bbox 470 829 640 870; x_wconf 86' lang='lat' dir='ltr'>deprecor,</span> 
     </span>
    </p>
   </div>
   <div class='ocr_carea' id='block_1_9' title="bbox 278 877 705 1010">
    <p class='ocr_par' dir='ltr' id='par_1_9' title="bbox 278 877 705 1010">
     <span class='ocr_line' id='line_1_14' title="bbox 328 877 671 920; baseline -0.003 -9"><span class='ocrx_word' id='word_1_31' title='bbox 328 877 456 912; x_wconf 84' lang='lat' dir='ltr'>Praebe</span> <span class='ocrx_word' id='word_1_32' title='bbox 481 877 671 920; x_wconf 86' lang='lat' dir='ltr'>propitium,</span> 
     </span>
     <span class='ocr_line' id='line_1_15' title="bbox 278 927 656 968; baseline 0.003 -9"><span class='ocrx_word' id='word_1_33' title='bbox 278 927 338 967; x_wconf 80' lang='lat' dir='ltr'>Qui</span> <span class='ocrx_word' id='word_1_34' title='bbox 363 927 460 961; x_wconf 90' lang='lat' dir='ltr'>nimis</span> <span class='ocrx_word' id='word_1_35' title='bbox 489 927 656 968; x_wconf 86' lang='lat' dir='ltr'>deprimor</span> 
     </span>
     <span class='ocr_line' id='line_1_16' title="bbox 327 977 705 1010; baseline 0.003 -1"><span class='ocrx_word' id='word_1_36' title='bbox 327 977 392 1010; x_wconf 89' lang='lat' dir='ltr'>Per</span> <span class='ocrx_word' id='word_1_37' title='bbox 416 977 554 1009; x_wconf 90' lang='lat' dir='ltr'>multum</span> <span class='ocrx_word' id='word_1_38' title='bbox 582 977 705 1010; x_wconf 90' lang='lat' dir='ltr'>vitium.</span> 
     </span>
    </p>
   </div>
   <div class='ocr_carea' id='block_1_10' title="bbox 167 1055 561 1090">
    <p class='ocr_par' dir='ltr' id='par_1_10' title="bbox 167 1055 561 1090">
     <span class='ocr_line' id='line_1_17' title="bbox 167 1055 561 1090; baseline -0.003 -1"><span class='ocrx_word' id='word_1_39' title='bbox 167 1056 250 1090; x_wconf 83' lang='lat'>132.</span> <span class='ocrx_word' id='word_1_40' title='bbox 280 1055 305 1089; x_wconf 95' lang='lat' dir='ltr'>O</span> <span class='ocrx_word' id='word_1_41' title='bbox 333 1056 561 1089; x_wconf 84' lang='lat' dir='ltr'>suavissimum</span> 
     </span>
    </p>
   </div>
   <div class='ocr_carea' id='block_1_11' title="bbox 329 1105 704 1149">
    <p class='ocr_par' dir='ltr' id='par_1_11' title="bbox 329 1105 704 1149">
     <span class='ocr_line' id='line_1_18' title="bbox 329 1105 704 1149; baseline 0 -10"><span class='ocrx_word' id='word_1_42' title='bbox 329 1106 538 1147; x_wconf 74' lang='lat' dir='ltr'>Unguentum</span> <span class='ocrx_word' id='word_1_43' title='bbox 567 1105 704 1149; x_wconf 76' lang='lat' dir='ltr'>animae,</span> 
     </span>
    </p>
   </div>
   <div class='ocr_carea' id='block_1_12' title="bbox 279 1155 615 1245">
    <p class='ocr_par' dir='ltr' id='par_1_12' title="bbox 279 1155 615 1245">
     <span class='ocr_line' id='line_1_19' title="bbox 279 1155 615 1196; baseline -0.006 -8"><span class='ocrx_word' id='word_1_44' title='bbox 279 1155 444 1196; x_wconf 83' lang='lat' dir='ltr'>Inungens</span> <span class='ocrx_word' id='word_1_45' title='bbox 471 1155 615 1188; x_wconf 86' lang='lat' dir='ltr'>animum</span> 
     </span>
     <span class='ocr_line' id='line_1_20' title="bbox 327 1203 581 1245; baseline 0.004 -10"><span class='ocrx_word' id='word_1_46' title='bbox 327 1203 581 1245; x_wconf 85' lang='lat' dir='ltr'>Delicatissime,</span> 
     </span>
    </p>
   </div>
   <div class='ocr_carea' id='block_1_13' title="bbox 278 1252 679 1442">
    <p class='ocr_par' dir='ltr' id='par_1_13' title="bbox 278 1252 663 1392">
     <span class='ocr_line' id='line_1_21' title="bbox 281 1252 654 1286; baseline 0 -1"><span class='ocrx_word' id='word_1_47' title='bbox 281 1252 461 1286; x_wconf 77' lang='lat' dir='ltr'>Turbatam</span> <span class='ocrx_word' id='word_1_48' title='bbox 488 1253 654 1286; x_wconf 88' lang='lat' dir='ltr'>servulum</span> 
     </span>
     <span class='ocr_line' id='line_1_22' title="bbox 285 1301 662 1344; baseline 0.005 -12"><span class='ocrx_word' id='word_1_49' title='bbox 285 1326 291 1332; x_wconf 81' lang='grc'>.</span> <span class='ocrx_word' id='word_1_50' title='bbox 328 1302 382 1335; x_wconf 90' lang='lat' dir='ltr'>Ab</span> <span class='ocrx_word' id='word_1_51' title='bbox 408 1303 502 1335; x_wconf 89' lang='lat' dir='ltr'>hoste</span> <span class='ocrx_word' id='word_1_52' title='bbox 527 1301 662 1344; x_wconf 80' lang='lat' dir='ltr'>redime,</span> 
     </span>
     <span class='ocr_line' id='line_1_23' title="bbox 278 1351 663 1392; baseline 0.003 -10"><span class='ocrx_word' id='word_1_53' title='bbox 278 1351 340 1391; x_wconf 80' lang='lat' dir='ltr'>Qui</span> <span class='ocrx_word' id='word_1_54' title='bbox 367 1353 463 1384; x_wconf 78' lang='lat' dir='ltr'>vexat</span> <span class='ocrx_word' id='word_1_55' title='bbox 486 1351 663 1392; x_wconf 87' lang='lat' dir='ltr'>plurimum</span> 
     </span>
    </p>

    <p class='ocr_par' dir='ltr' id='par_1_14' title="bbox 329 1400 679 1442">
     <span class='ocr_line' id='line_1_24' title="bbox 329 1400 679 1442; baseline 0.003 -10"><span class='ocrx_word' id='word_1_56' title='bbox 329 1400 385 1432; x_wconf 87' lang='lat' dir='ltr'>Me</span> <span class='ocrx_word' id='word_1_57' title='bbox 412 1403 446 1433; x_wconf 85' lang='lat' dir='ltr'>et</span> <span class='ocrx_word' id='word_1_58' title='bbox 469 1400 679 1442; x_wconf 80' lang='lat' dir='ltr'>nequissime.</span> 
     </span>
    </p>
   </div>
   <div class='ocr_carea' id='block_1_14' title="bbox 167 1478 635 1612">
    <p class='ocr_par' dir='ltr' id='par_1_15' title="bbox 167 1478 635 1612">
     <span class='ocr_line' id='line_1_25' title="bbox 167 1478 497 1521; baseline -0.003 -9"><span class='ocrx_word' id='word_1_59' title='bbox 167 1478 248 1513; x_wconf 83' lang='lat'>133.</span> <span class='ocrx_word' id='word_1_60' title='bbox 278 1478 303 1512; x_wconf 94' lang='lat' dir='ltr'>O</span> <span class='ocrx_word' id='word_1_61' title='bbox 330 1479 497 1521; x_wconf 79' lang='lat' dir='ltr'>unigenite</span> 
     </span>
     <span class='ocr_line' id='line_1_26' title="bbox 328 1528 635 1572; baseline -0.003 -11"><span class='ocrx_word' id='word_1_62' title='bbox 328 1528 453 1561; x_wconf 83' lang='lat' dir='ltr'>Summi</span> <span class='ocrx_word' id='word_1_63' title='bbox 478 1528 635 1572; x_wconf 78' lang='lat' dir='ltr'>principii</span> 
     </span>
     <span class='ocr_line' id='line_1_27' title="bbox 277 1578 590 1612; baseline -0.006 0"><span class='ocrx_word' id='word_1_64' title='bbox 277 1578 329 1612; x_wconf 78' lang='lat' dir='ltr'>Ao</span> <span class='ocrx_word' id='word_1_65' title='bbox 357 1578 453 1612; x_wconf 88' lang='lat' dir='ltr'>dator</span> <span class='ocrx_word' id='word_1_66' title='bbox 475 1579 590 1612; x_wconf 79' lang='lat' dir='ltr'>inclite</span> 
     </span>
    </p>
   </div>
   <div class='ocr_carea' id='block_1_15' title="bbox 328 1627 665 1670">
    <p class='ocr_par' dir='ltr' id='par_1_16' title="bbox 328 1627 665 1670">
     <span class='ocr_line' id='line_1_28' title="bbox 328 1627 665 1670; baseline -0.003 -9"><span class='ocrx_word' id='word_1_67' title='bbox 328 1627 488 1661; x_wconf 85' lang='lat' dir='ltr'>Caelestis</span> <span class='ocrx_word' id='word_1_68' title='bbox 515 1628 665 1670; x_wconf 84' lang='lat' dir='ltr'>praemii,</span> 
     </span>
    </p>
   </div>
   <div class='ocr_carea' id='block_1_16' title="bbox 276 1676 631 1810">
    <p class='ocr_par' dir='ltr' id='par_1_17' title="bbox 276 1676 631 1810">
     <span class='ocr_line' id='line_1_29' title="bbox 278 1676 600 1711; baseline -0.003 0"><span class='ocrx_word' id='word_1_69' title='bbox 278 1676 347 1711; x_wconf 86' lang='lat' dir='ltr'>Fac</span> <span class='ocrx_word' id='word_1_70' title='bbox 371 1686 431 1711; x_wconf 86' lang='lat' dir='ltr'>nos</span> <span class='ocrx_word' id='word_1_71' title='bbox 457 1678 600 1710; x_wconf 80' lang='lat' dir='ltr'>sollicite</span> 
     </span>
     <span class='ocr_line' id='line_1_30' title="bbox 324 1726 561 1769; baseline 0 -9"><span class='ocrx_word' id='word_1_72' title='bbox 324 1727 387 1762; x_wconf 88' lang='lat' dir='ltr'>Tui</span> <span class='ocrx_word' id='word_1_73' title='bbox 413 1726 561 1769; x_wconf 88' lang='lat' dir='ltr'>obsequii</span> 
     </span>
     <span class='ocr_line' id='line_1_31' title="bbox 276 1777 631 1810; baseline -0.006 0"><span class='ocrx_word' id='word_1_74' title='bbox 276 1777 406 1810; x_wconf 84' lang='lat' dir='ltr'>Laudes</span> <span class='ocrx_word' id='word_1_75' title='bbox 433 1785 473 1809; x_wconf 87' lang='lat' dir='ltr'>ac</span> <span class='ocrx_word' id='word_1_76' title='bbox 499 1777 631 1810; x_wconf 79' lang='lat' dir='ltr'>debitae</span> 
     </span>
    </p>
   </div>
   <div class='ocr_carea' id='block_1_17' title="bbox 324 1826 709 1868">
    <p class='ocr_par' dir='ltr' id='par_1_18' title="bbox 324 1826 709 1868">
     <span class='ocr_line' id='line_1_32' title="bbox 324 1826 709 1868; baseline 0.003 -10"><span class='ocrx_word' id='word_1_77' title='bbox 324 1826 365 1859; x_wconf 84' lang='lat' dir='ltr'>In</span> <span class='ocrx_word' id='word_1_78' title='bbox 392 1826 518 1859; x_wconf 83' lang='lat' dir='ltr'>cunetis</span> <span class='ocrx_word' id='word_1_79' title='bbox 542 1828 709 1868; x_wconf 78' lang='lat' dir='ltr'>prosequi.</span> 
     </span>
    </p>
   </div>
   <div class='ocr_carea' id='block_1_18' title="bbox 169 1904 619 2039">
    <p class='ocr_par' dir='ltr' id='par_1_19' title="bbox 169 1904 619 2039">
     <span class='ocr_line' id='line_1_33' title="bbox 169 1904 524 1941; baseline 0 -3"><span class='ocrx_word' id='word_1_80' title='bbox 169 1905 250 1941; x_wconf 74' lang='lat'>134.</span> <span class='ocrx_word' id='word_1_81' title='bbox 276 1906 381 1939; x_wconf 90' lang='lat' dir='ltr'>Amor</span> <span class='ocrx_word' id='word_1_82' title='bbox 409 1904 524 1939; x_wconf 88' lang='lat' dir='ltr'>deifice</span> 
     </span>
     <span class='ocr_line' id='line_1_34' title="bbox 324 1955 619 1999; baseline 0 -11"><span class='ocrx_word' id='word_1_83' title='bbox 324 1955 619 1999; x_wconf 79' lang='lat' dir='ltr'>1nexstinguibiiis,</span> 
     </span>
     <span class='ocr_line' id='line_1_35' title="bbox 276 2003 569 2039; baseline -0.007 0"><span class='ocrx_word' id='word_1_84' title='bbox 276 2004 407 2039; x_wconf 82' lang='lat' dir='ltr'>Mentes</span> <span class='ocrx_word' id='word_1_85' title='bbox 433 2003 569 2038; x_wconf 87' lang='lat' dir='ltr'>mitifice</span> 
     </span>
    </p>
   </div>
   <div class='ocr_carea' id='block_1_19' title="bbox 327 2053 671 2096">
    <p class='ocr_par' dir='ltr' id='par_1_20' title="bbox 327 2053 671 2096">
     <span class='ocr_line' id='line_1_36' title="bbox 327 2053 671 2096; baseline 0 -8"><span class='ocrx_word' id='word_1_86' title='bbox 327 2055 365 2088; x_wconf 88' lang='lat' dir='ltr'>In</span> <span class='ocrx_word' id='word_1_87' title='bbox 390 2057 424 2087; x_wconf 88' lang='lat' dir='ltr'>te</span> <span class='ocrx_word' id='word_1_88' title='bbox 451 2053 506 2095; x_wconf 86' lang='lat' dir='ltr'>qui</span> <span class='ocrx_word' id='word_1_89' title='bbox 531 2053 671 2096; x_wconf 83' lang='lat' dir='ltr'>stabilis,</span> 
     </span>
    </p>
   </div>
   <div class='ocr_carea' id='block_1_20' title="bbox 276 2104 573 2140">
    <p class='ocr_par' dir='ltr' id='par_1_21' title="bbox 276 2104 573 2140">
     <span class='ocr_line' id='line_1_37' title="bbox 276 2104 573 2140; baseline -0.01 0"><span class='ocrx_word' id='word_1_90' title='bbox 276 2105 429 2140; x_wconf 83' lang='lat' dir='ltr'>Colentes</span> <span class='ocrx_word' id='word_1_91' title='bbox 454 2104 573 2137; x_wconf 83' lang='lat' dir='ltr'>meiioe</span> 
     </span>
    </p>
   </div>
   <div class='ocr_carea' id='block_1_21' title="bbox 324 2154 666 2188">
    <p class='ocr_par' dir='ltr' id='par_1_22' title="bbox 324 2154 666 2188">
     <span class='ocr_line' id='line_1_38' title="bbox 324 2154 666 2188; baseline 0 -1"><span class='ocrx_word' id='word_1_92' title='bbox 324 2154 373 2187; x_wconf 89' lang='lat' dir='ltr'>Te</span> <span class='ocrx_word' id='word_1_93' title='bbox 397 2154 533 2188; x_wconf 86' lang='lat' dir='ltr'>laudum</span> <span class='ocrx_word' id='word_1_94' title='bbox 559 2154 666 2187; x_wconf 86' lang='lat' dir='ltr'>titulis</span> 
     </span>
    </p>
   </div>
   <div class='ocr_carea' id='block_1_22' title="bbox 274 2205 601 2297">
    <p class='ocr_par' dir='ltr' id='par_1_23' title="bbox 274 2205 601 2297">
     <span class='ocr_line' id='line_1_39' title="bbox 274 2205 564 2239; baseline -0.007 0"><span class='ocrx_word' id='word_1_95' title='bbox 274 2205 312 2239; x_wconf 85' lang='lat' dir='ltr'>In</span> <span class='ocrx_word' id='word_1_96' title='bbox 340 2205 439 2238; x_wconf 84' lang='lat' dir='ltr'>caelis</span> <span class='ocrx_word' id='word_1_97' title='bbox 466 2205 564 2237; x_wconf 82' lang='lat' dir='ltr'>adice</span> 
     </span>
     <span class='ocr_line' id='line_1_40' title="bbox 325 2254 601 2297; baseline 0 -9"><span class='ocrx_word' id='word_1_98' title='bbox 325 2254 437 2288; x_wconf 82' lang='lat' dir='ltr'>Beatis</span> <span class='ocrx_word' id='word_1_99' title='bbox 464 2255 601 2297; x_wconf 71' lang='lat' dir='ltr'>angelis</span> 
     </span>
    </p>
   </div>
   <div class='ocr_carea' id='block_1_23' title="bbox 164 2333 634 2469">
    <p class='ocr_par' dir='ltr' id='par_1_24' title="bbox 164 2333 634 2469">
     <span class='ocr_line' id='line_1_41' title="bbox 164 2333 617 2370; baseline -0.009 0"><span class='ocrx_word' id='word_1_100' title='bbox 164 2336 245 2369; x_wconf 89' lang='lat'>135.</span> <span class='ocrx_word' id='word_1_101' title='bbox 274 2336 402 2370; x_wconf 88' lang='lat' dir='ltr'>Lumen</span> <span class='ocrx_word' id='word_1_102' title='bbox 427 2333 617 2367; x_wconf 81' lang='lat' dir='ltr'>illuminans</span> 
     </span>
     <span class='ocr_line' id='line_1_42' title="bbox 323 2384 597 2426; baseline 0.004 -10"><span class='ocrx_word' id='word_1_103' title='bbox 323 2384 425 2417; x_wconf 89' lang='lat' dir='ltr'>Lucis</span> <span class='ocrx_word' id='word_1_104' title='bbox 453 2384 597 2426; x_wconf 84' lang='lat' dir='ltr'>capacia,</span> 
     </span>
     <span class='ocr_line' id='line_1_43' title="bbox 272 2434 634 2469; baseline -0.006 -1"><span class='ocrx_word' id='word_1_105' title='bbox 272 2436 339 2469; x_wconf 83' lang='lat' dir='ltr'>Res</span> <span class='ocrx_word' id='word_1_106' title='bbox 367 2434 451 2467; x_wconf 87' lang='lat' dir='ltr'>bene</span> <span class='ocrx_word' id='word_1_107' title='bbox 476 2434 634 2467; x_wconf 85' lang='lat' dir='ltr'>ordinans</span> 
     </span>
    </p>
   </div>
   <div class='ocr_carea' id='block_1_24' title="bbox 325 2484 655 2526">
    <p class='ocr_par' dir='ltr' id='par_1_25' title="bbox 325 2484 655 2526">
     <span class='ocr_line' id='line_1_44' title="bbox 325 2484 655 2526; baseline -0.003 -8"><span class='ocrx_word' id='word_1_108' title='bbox 325 2484 407 2518; x_wconf 87' lang='lat' dir='ltr'>Cum</span> <span class='ocrx_word' id='word_1_109' title='bbox 432 2484 655 2526; x_wconf 81' lang='lat' dir='ltr'>providentia,</span> 
     </span>
    </p>
   </div>
   <div class='ocr_carea' id='block_1_25' title="bbox 804 107 946 143">
    <p class='ocr_par' dir='ltr' id='par_1_26' title="bbox 804 107 946 143">
     <span class='ocr_line' id='line_1_45' title="bbox 804 107 946 143; baseline -0.007 0"><span class='ocrx_word' id='word_1_110' title='bbox 804 107 849 143; x_wconf 68' lang='lat'>:57</span> <span class='ocrx_word' id='word_1_111' title='bbox 903 127 946 132; x_wconf 87' lang='lat'>-—-</span> 
     </span>
    </p>
   </div>
   <div class='ocr_carea' id='block_1_26' title="bbox 876 435 959 470">
    <p class='ocr_par' dir='ltr' id='par_1_27' title="bbox 876 435 959 470">
     <span class='ocr_line' id='line_1_46' title="bbox 876 435 959 470; baseline 0.024 -2"><span class='ocrx_word' id='word_1_112' title='bbox 876 435 959 470; x_wconf 78' lang='lat'>136.</span> 
     </span>
    </p>
   </div>
   <div class='ocr_carea' id='block_1_27' title="bbox 874 858 955 893">
    <p class='ocr_par' dir='ltr' id='par_1_28' title="bbox 874 858 955 893">
     <span class='ocr_line' id='line_1_47' title="bbox 874 858 955 893; baseline -0.012 -2"><span class='ocrx_word' id='word_1_113' title='bbox 874 858 955 893; x_wconf 80' lang='lat'>137.</span> 
     </span>
    </p>
   </div>
   <div class='ocr_carea' id='block_1_28' title="bbox 878 1282 958 1317">
    <p class='ocr_par' dir='ltr' id='par_1_29' title="bbox 878 1282 958 1317">
     <span class='ocr_line' id='line_1_48' title="bbox 878 1282 958 1317; baseline 0.025 -2"><span class='ocrx_word' id='word_1_114' title='bbox 878 1282 958 1317; x_wconf 81' lang='lat'>138.</span> 
     </span>
    </p>
   </div>
   <div class='ocr_carea' id='block_1_29' title="bbox 876 1706 956 1741">
    <p class='ocr_par' dir='ltr' id='par_1_30' title="bbox 876 1706 956 1741">
     <span class='ocr_line' id='line_1_49' title="bbox 876 1706 956 1741; baseline 0.013 -2"><span class='ocrx_word' id='word_1_115' title='bbox 876 1706 956 1741; x_wconf 83' lang='lat'>139.</span> 
     </span>
    </p>
   </div>
   <div class='ocr_carea' id='block_1_30' title="bbox 878 2132 957 2167">
    <p class='ocr_par' dir='ltr' id='par_1_31' title="bbox 878 2132 957 2167">
     <span class='ocr_line' id='line_1_50' title="bbox 878 2132 957 2167; baseline 0.025 -2"><span class='ocrx_word' id='word_1_116' title='bbox 878 2132 957 2167; x_wconf 82' lang='lat'>140.</span> 
     </span>
    </p>
   </div>
   <div class='ocr_carea' id='block_1_31' title="bbox 982 205 1404 396">
    <p class='ocr_par' dir='ltr' id='par_1_32' title="bbox 982 205 1404 396">
     <span class='ocr_line' id='line_1_51' title="bbox 985 205 1290 241; baseline -0.01 0"><span class='ocrx_word' id='word_1_117' title='bbox 985 207 1094 241; x_wconf 84' lang='lat' dir='ltr'>Corda</span> <span class='ocrx_word' id='word_1_118' title='bbox 1121 205 1290 240; x_wconf 87' lang='lat' dir='ltr'>vivificans</span> 
     </span>
     <span class='ocr_line' id='line_1_52' title="bbox 1033 255 1308 298; baseline -0.011 -8"><span class='ocrx_word' id='word_1_119' title='bbox 1033 256 1084 290; x_wconf 86' lang='lat' dir='ltr'>Sis</span> <span class='ocrx_word' id='word_1_120' title='bbox 1110 258 1168 289; x_wconf 84' lang='lat' dir='ltr'>tua</span> <span class='ocrx_word' id='word_1_121' title='bbox 1192 255 1308 298; x_wconf 83' lang='lat' dir='ltr'>gratia,</span> 
     </span>
     <span class='ocr_line' id='line_1_53' title="bbox 982 306 1404 347; baseline -0.002 -9"><span class='ocrx_word' id='word_1_122' title='bbox 982 306 1072 347; x_wconf 67' lang='lat' dir='ltr'>Quae</span> <span class='ocrx_word' id='word_1_123' title='bbox 1096 308 1203 338; x_wconf 88' lang='lat' dir='ltr'>motus</span> <span class='ocrx_word' id='word_1_124' title='bbox 1228 306 1404 338; x_wconf 78' lang='lat' dir='ltr'>sordidans</span> 
     </span>
     <span class='ocr_line' id='line_1_54' title="bbox 1032 354 1338 396; baseline -0.007 -8"><span class='ocrx_word' id='word_1_125' title='bbox 1032 355 1139 388; x_wconf 86' lang='lat' dir='ltr'>Necat</span> <span class='ocrx_word' id='word_1_126' title='bbox 1163 364 1224 396; x_wconf 89' lang='lat' dir='ltr'>per</span> <span class='ocrx_word' id='word_1_127' title='bbox 1249 354 1338 390; x_wconf 83' lang='lat' dir='ltr'>vitia,</span> 
     </span>
    </p>
   </div>
   <div class='ocr_carea' id='block_1_32' title="bbox 982 433 1384 820">
    <p class='ocr_par' dir='ltr' id='par_1_33' title="bbox 982 433 1384 820">
     <span class='ocr_line' id='line_1_55' title="bbox 987 433 1203 477; baseline -0.005 -8"><span class='ocrx_word' id='word_1_128' title='bbox 987 435 1011 469; x_wconf 95' lang='lat' dir='ltr'>O</span> <span class='ocrx_word' id='word_1_129' title='bbox 1039 433 1203 477; x_wconf 70' lang='lat' dir='ltr'>sapientia</span> 
     </span>
     <span class='ocr_line' id='line_1_56' title="bbox 1033 483 1354 526; baseline -0.003 -9"><span class='ocrx_word' id='word_1_130' title='bbox 1033 484 1196 517; x_wconf 83' lang='lat' dir='ltr'>Paternae</span> <span class='ocrx_word' id='word_1_131' title='bbox 1221 483 1354 526; x_wconf 85' lang='lat' dir='ltr'>gloriae,</span> 
     </span>
     <span class='ocr_line' id='line_1_57' title="bbox 983 532 1261 567; baseline 0 -1"><span class='ocrx_word' id='word_1_132' title='bbox 983 533 1075 567; x_wconf 88' lang='lat' dir='ltr'>Dans</span> <span class='ocrx_word' id='word_1_133' title='bbox 1100 532 1261 566; x_wconf 77' lang='lat' dir='ltr'>beneficia</span> 
     </span>
     <span class='ocr_line' id='line_1_58' title="bbox 1031 581 1296 624; baseline -0.004 -9"><span class='ocrx_word' id='word_1_134' title='bbox 1031 583 1112 615; x_wconf 82' lang='lat' dir='ltr'>Tuis</span> <span class='ocrx_word' id='word_1_135' title='bbox 1137 581 1296 624; x_wconf 80' lang='lat' dir='ltr'>largiflue,</span> 
     </span>
     <span class='ocr_line' id='line_1_59' title="bbox 985 631 1280 665; baseline -0.003 -1"><span class='ocrx_word' id='word_1_136' title='bbox 985 631 1065 664; x_wconf 87' lang='lat' dir='ltr'>Post</span> <span class='ocrx_word' id='word_1_137' title='bbox 1090 632 1280 665; x_wconf 84' lang='lat' dir='ltr'>transitoria</span> 
     </span>
     <span class='ocr_line' id='line_1_60' title="bbox 1032 680 1316 714; baseline 0 -1"><span class='ocrx_word' id='word_1_138' title='bbox 1032 680 1137 714; x_wconf 91' lang='lat' dir='ltr'>Huius</span> <span class='ocrx_word' id='word_1_139' title='bbox 1163 680 1316 714; x_wconf 82' lang='lat' dir='ltr'>miseriae</span> 
     </span>
     <span class='ocr_line' id='line_1_61' title="bbox 982 729 1384 771; baseline 0 -9"><span class='ocrx_word' id='word_1_140' title='bbox 982 729 1057 762; x_wconf 84' lang='lat' dir='ltr'>Duc</span> <span class='ocrx_word' id='word_1_141' title='bbox 1082 738 1141 762; x_wconf 88' lang='lat' dir='ltr'>nos</span> <span class='ocrx_word' id='word_1_142' title='bbox 1167 730 1210 762; x_wconf 83' lang='lat' dir='ltr'>ad</span> <span class='ocrx_word' id='word_1_143' title='bbox 1237 730 1384 771; x_wconf 70' lang='lat' dir='ltr'>praemia</span> 
     </span>
     <span class='ocr_line' id='line_1_62' title="bbox 1034 778 1358 820; baseline -0.006 -8"><span class='ocrx_word' id='word_1_144' title='bbox 1034 778 1193 812; x_wconf 83' lang='lat' dir='ltr'>Caelestis</span> <span class='ocrx_word' id='word_1_145' title='bbox 1219 779 1358 820; x_wconf 75' lang='lat' dir='ltr'>patriae.</span> 
     </span>
    </p>
   </div>
   <div class='ocr_carea' id='block_1_33' title="bbox 983 857 1405 1246">
    <p class='ocr_par' dir='ltr' id='par_1_34' title="bbox 983 857 1405 1246">
     <span class='ocr_line' id='line_1_63' title="bbox 983 857 1238 891; baseline 0 0"><span class='ocrx_word' id='word_1_146' title='bbox 983 858 1009 891; x_wconf 90' lang='lat' dir='ltr'>O</span> <span class='ocrx_word' id='word_1_147' title='bbox 1035 859 1093 891; x_wconf 85' lang='lat' dir='ltr'>lux</span> <span class='ocrx_word' id='word_1_148' title='bbox 1121 857 1238 891; x_wconf 77' lang='lat' dir='ltr'>deifica</span> 
     </span>
     <span class='ocr_line' id='line_1_64' title="bbox 1031 907 1384 950; baseline 0 -10"><span class='ocrx_word' id='word_1_149' title='bbox 1031 907 1160 940; x_wconf 85' lang='lat' dir='ltr'>Lucens</span> <span class='ocrx_word' id='word_1_150' title='bbox 1185 908 1219 940; x_wconf 91' lang='lat' dir='ltr'>in</span> <span class='ocrx_word' id='word_1_151' title='bbox 1244 908 1384 950; x_wconf 87' lang='lat' dir='ltr'>superis,</span> 
     </span>
     <span class='ocr_line' id='line_1_65' title="bbox 984 956 1382 998; baseline 0.003 -9"><span class='ocrx_word' id='word_1_152' title='bbox 984 957 1085 997; x_wconf 82' lang='lat' dir='ltr'>Quam</span> <span class='ocrx_word' id='word_1_153' title='bbox 1111 956 1206 998; x_wconf 79' lang='lat' dir='ltr'>plebs</span> <span class='ocrx_word' id='word_1_154' title='bbox 1233 957 1382 998; x_wconf 84' lang='lat' dir='ltr'>angelica</span> 
     </span>
     <span class='ocr_line' id='line_1_66' title="bbox 1032 1005 1388 1047; baseline 0 -8"><span class='ocrx_word' id='word_1_155' title='bbox 1032 1005 1164 1039; x_wconf 79' lang='lat' dir='ltr'>Laudat</span> <span class='ocrx_word' id='word_1_156' title='bbox 1186 1006 1219 1038; x_wconf 92' lang='lat' dir='ltr'>in</span> <span class='ocrx_word' id='word_1_157' title='bbox 1247 1006 1388 1047; x_wconf 84' lang='lat' dir='ltr'>caelicis,</span> 
     </span>
     <span class='ocr_line' id='line_1_67' title="bbox 983 1054 1356 1089; baseline 0.005 -2"><span class='ocrx_word' id='word_1_158' title='bbox 983 1054 1053 1088; x_wconf 88' lang='lat' dir='ltr'>Nos</span> <span class='ocrx_word' id='word_1_159' title='bbox 1079 1056 1202 1089; x_wconf 87' lang='lat' dir='ltr'>munda</span> <span class='ocrx_word' id='word_1_160' title='bbox 1227 1055 1356 1089; x_wconf 82' lang='lat' dir='ltr'>lubrica</span> 
     </span>
     <span class='ocr_line' id='line_1_68' title="bbox 1034 1104 1353 1146; baseline -0.003 -8"><span class='ocrx_word' id='word_1_161' title='bbox 1034 1104 1139 1146; x_wconf 78' lang='lat' dir='ltr'>Culpa</span> <span class='ocrx_word' id='word_1_162' title='bbox 1165 1107 1197 1137; x_wconf 89' lang='lat' dir='ltr'>et</span> <span class='ocrx_word' id='word_1_163' title='bbox 1224 1105 1353 1145; x_wconf 74' lang='lat' dir='ltr'>ceteris,</span> 
     </span>
     <span class='ocr_line' id='line_1_69' title="bbox 985 1153 1360 1196; baseline 0 -10"><span class='ocrx_word' id='word_1_164' title='bbox 985 1153 1037 1186; x_wconf 88' lang='lat' dir='ltr'>Ne</span> <span class='ocrx_word' id='word_1_165' title='bbox 1062 1163 1140 1196; x_wconf 84' lang='lat' dir='ltr'>gens</span> <span class='ocrx_word' id='word_1_166' title='bbox 1168 1154 1360 1188; x_wconf 87' lang='lat' dir='ltr'>daemonica</span> 
     </span>
     <span class='ocr_line' id='line_1_70' title="bbox 1034 1202 1405 1246; baseline 0.005 -11"><span class='ocrx_word' id='word_1_167' title='bbox 1034 1202 1102 1236; x_wconf 86' lang='lat' dir='ltr'>Nos</span> <span class='ocrx_word' id='word_1_168' title='bbox 1127 1207 1255 1246; x_wconf 84' lang='lat' dir='ltr'>mergat</span> <span class='ocrx_word' id='word_1_169' title='bbox 1279 1202 1405 1238; x_wconf 67' lang='lat' dir='ltr'>inferis</span> 
     </span>
    </p>
   </div>
   <div class='ocr_carea' id='block_1_34' title="bbox 981 1282 1409 1663">
    <p class='ocr_par' dir='ltr' id='par_1_35' title="bbox 986 1282 1205 1316">
     <span class='ocr_line' id='line_1_71' title="bbox 986 1282 1205 1316; baseline 0.005 -1"><span class='ocrx_word' id='word_1_170' title='bbox 986 1282 1010 1315; x_wconf 94' lang='lat' dir='ltr'>O</span> <span class='ocrx_word' id='word_1_171' title='bbox 1037 1282 1205 1316; x_wconf 71' lang='lat' dir='ltr'>invisibile</span> 
     </span>
    </p>

    <p class='ocr_par' dir='ltr' id='par_1_36' title="bbox 981 1331 1405 1413">
     <span class='ocr_line' id='line_1_72' title="bbox 1033 1331 1405 1365; baseline 0.003 -1"><span class='ocrx_word' id='word_1_172' title='bbox 1033 1331 1159 1364; x_wconf 87' lang='lat' dir='ltr'>Lumen</span> <span class='ocrx_word' id='word_1_173' title='bbox 1187 1331 1405 1365; x_wconf 84' lang='lat' dir='ltr'>clarissimum</span> 
     </span>
     <span class='ocr_line' id='line_1_73' title="bbox 981 1380 1219 1413; baseline 0.004 -1"><span class='ocrx_word' id='word_1_174' title='bbox 981 1380 1028 1413; x_wconf 83' lang='lat' dir='ltr'>Et</span> <span class='ocrx_word' id='word_1_175' title='bbox 1051 1380 1219 1413; x_wconf 85' lang='lat' dir='ltr'>ineffabile</span> 
     </span>
    </p>

    <p class='ocr_par' dir='ltr' id='par_1_37' title="bbox 985 1429 1409 1521">
     <span class='ocr_line' id='line_1_74' title="bbox 1034 1429 1409 1473; baseline 0.008 -11"><span class='ocrx_word' id='word_1_176' title='bbox 1034 1429 1171 1473; x_wconf 86' lang='lat' dir='ltr'>Linguis</span> <span class='ocrx_word' id='word_1_177' title='bbox 1197 1431 1409 1473; x_wconf 80' lang='lat' dir='ltr'>loquentium.</span> 
     </span>
     <span class='ocr_line' id='line_1_75' title="bbox 985 1479 1223 1521; baseline 0.004 -10"><span class='ocrx_word' id='word_1_178' title='bbox 985 1479 1223 1521; x_wconf 71' lang='lat' dir='ltr'>Investigabile</span> 
     </span>
    </p>

    <p class='ocr_par' dir='ltr' id='par_1_38' title="bbox 985 1529 1385 1612">
     <span class='ocr_line' id='line_1_76' title="bbox 1031 1529 1385 1570; baseline 0.003 -9"><span class='ocrx_word' id='word_1_179' title='bbox 1031 1529 1138 1561; x_wconf 83' lang='lat' dir='ltr'>Menti</span> <span class='ocrx_word' id='word_1_180' title='bbox 1163 1530 1385 1570; x_wconf 79' lang='lat' dir='ltr'>prudentium.</span> 
     </span>
     <span class='ocr_line' id='line_1_77' title="bbox 985 1576 1267 1612; baseline 0.007 -2"><span class='ocrx_word' id='word_1_181' title='bbox 985 1576 1052 1610; x_wconf 86' lang='lat' dir='ltr'>Sed</span> <span class='ocrx_word' id='word_1_182' title='bbox 1078 1579 1267 1612; x_wconf 82' lang='lat' dir='ltr'>venerabile</span> 
     </span>
    </p>

    <p class='ocr_par' dir='ltr' id='par_1_39' title="bbox 1035 1627 1377 1663">
     <span class='ocr_line' id='line_1_78' title="bbox 1035 1627 1377 1663; baseline 0.003 -2"><span class='ocrx_word' id='word_1_183' title='bbox 1035 1627 1136 1662; x_wconf 85' lang='lat' dir='ltr'>Cordi</span> <span class='ocrx_word' id='word_1_184' title='bbox 1163 1629 1377 1663; x_wconf 86' lang='lat' dir='ltr'>credentium.</span> 
     </span>
    </p>
   </div>
   <div class='ocr_carea' id='block_1_35' title="bbox 983 1706 1350 2089">
    <p class='ocr_par' dir='ltr' id='par_1_40' title="bbox 983 1706 1350 2089">
     <span class='ocr_line' id='line_1_79' title="bbox 985 1706 1292 1741; baseline 0.003 -2"><span class='ocrx_word' id='word_1_185' title='bbox 985 1706 1059 1740; x_wconf 80' lang='lat' dir='ltr'>Lux</span> <span class='ocrx_word' id='word_1_186' title='bbox 1086 1707 1292 1741; x_wconf 86' lang='lat' dir='ltr'>admirabilis</span> 
     </span>
     <span class='ocr_line' id='line_1_80' title="bbox 1030 1756 1341 1800; baseline 0 -10"><span class='ocrx_word' id='word_1_187' title='bbox 1030 1756 1141 1790; x_wconf 81' lang='lat' dir='ltr'>Patris</span> <span class='ocrx_word' id='word_1_188' title='bbox 1168 1758 1341 1800; x_wconf 72' lang='lat' dir='ltr'>essentiae,</span> 
     </span>
     <span class='ocr_line' id='line_1_81' title="bbox 983 1805 1350 1849; baseline 0.008 -11"><span class='ocrx_word' id='word_1_189' title='bbox 983 1805 1075 1839; x_wconf 87' lang='lat' dir='ltr'>Dans</span> <span class='ocrx_word' id='word_1_190' title='bbox 1103 1806 1188 1840; x_wconf 87' lang='lat' dir='ltr'>dona</span> <span class='ocrx_word' id='word_1_191' title='bbox 1212 1808 1350 1849; x_wconf 84' lang='lat' dir='ltr'>singulis</span> 
     </span>
     <span class='ocr_line' id='line_1_82' title="bbox 1034 1855 1336 1900; baseline 0.007 -12"><span class='ocrx_word' id='word_1_192' title='bbox 1034 1855 1176 1889; x_wconf 87' lang='lat' dir='ltr'>Divinae</span> <span class='ocrx_word' id='word_1_193' title='bbox 1201 1857 1336 1900; x_wconf 79' lang='lat' dir='ltr'>gratiae,</span> 
     </span>
     <span class='ocr_line' id='line_1_83' title="bbox 985 1904 1289 1940; baseline 0.007 -3"><span class='ocrx_word' id='word_1_194' title='bbox 985 1904 1054 1938; x_wconf 88' lang='lat' dir='ltr'>Nos</span> <span class='ocrx_word' id='word_1_195' title='bbox 1081 1905 1289 1940; x_wconf 86' lang='lat' dir='ltr'>adminiculis</span> 
     </span>
     <span class='ocr_line' id='line_1_84' title="bbox 1033 1954 1344 1990; baseline 0.006 -3"><span class='ocrx_word' id='word_1_196' title='bbox 1033 1954 1125 1989; x_wconf 83' lang='lat' dir='ltr'>Tuae</span> <span class='ocrx_word' id='word_1_197' title='bbox 1150 1956 1344 1990; x_wconf 83' lang='lat' dir='ltr'>clementiae</span> 
     </span>
     <span class='ocr_line' id='line_1_85' title="bbox 986 2003 1311 2040; baseline 0.006 -4"><span class='ocrx_word' id='word_1_198' title='bbox 986 2003 1101 2038; x_wconf 86' lang='lat' dir='ltr'>Solvas</span> <span class='ocrx_word' id='word_1_199' title='bbox 1128 2015 1147 2038; x_wconf 86' lang='lat' dir='ltr'>a</span> <span class='ocrx_word' id='word_1_200' title='bbox 1174 2006 1311 2040; x_wconf 89' lang='lat' dir='ltr'>vinculis</span> 
     </span>
     <span class='ocr_line' id='line_1_86' title="bbox 1033 2054 1315 2089; baseline 0.004 -1"><span class='ocrx_word' id='word_1_201' title='bbox 1033 2054 1174 2088; x_wconf 83' lang='lat' dir='ltr'>Hostilis</span> <span class='ocrx_word' id='word_1_202' title='bbox 1200 2055 1315 2089; x_wconf 83' lang='lat' dir='ltr'>furiae.</span> 
     </span>
    </p>
   </div>
   <div class='ocr_carea' id='block_1_36' title="bbox 983 2133 1440 2517">
    <p class='ocr_par' dir='ltr' id='par_1_41' title="bbox 983 2133 1244 2168">
     <span class='ocr_line' id='line_1_87' title="bbox 983 2133 1244 2168; baseline 0.008 -2"><span class='ocrx_word' id='word_1_203' title='bbox 983 2133 1053 2167; x_wconf 89' lang='lat' dir='ltr'>Ens</span> <span class='ocrx_word' id='word_1_204' title='bbox 1079 2133 1244 2168; x_wconf 83' lang='lat' dir='ltr'>ineffabile</span> 
     </span>
    </p>

    <p class='ocr_par' dir='ltr' id='par_1_42' title="bbox 983 2183 1409 2267">
     <span class='ocr_line' id='line_1_88' title="bbox 1033 2183 1409 2227; baseline 0.011 -11"><span class='ocrx_word' id='word_1_205' title='bbox 1033 2183 1170 2226; x_wconf 85' lang='lat' dir='ltr'>Linguis</span> <span class='ocrx_word' id='word_1_206' title='bbox 1197 2186 1409 2227; x_wconf 81' lang='lat' dir='ltr'>loquentium.</span> 
     </span>
     <span class='ocr_line' id='line_1_89' title="bbox 983 2232 1234 2267; baseline 0.004 -1"><span class='ocrx_word' id='word_1_207' title='bbox 983 2232 1234 2267; x_wconf 78' lang='lat' dir='ltr'>Manifestabiie</span> 
     </span>
    </p>

    <p class='ocr_par' dir='ltr' id='par_1_43' title="bbox 984 2282 1440 2374">
     <span class='ocr_line' id='line_1_90' title="bbox 1032 2282 1440 2318; baseline 0 -2"><span class='ocrx_word' id='word_1_208' title='bbox 1032 2283 1097 2316; x_wconf 86' lang='lat' dir='ltr'>Per</span> <span class='ocrx_word' id='word_1_209' title='bbox 1122 2282 1246 2317; x_wconf 84' lang='lat' dir='ltr'>formas</span> <span class='ocrx_word' id='word_1_210' title='bbox 1273 2286 1440 2318; x_wconf 87' lang='lat' dir='ltr'>mentium</span> 
     </span>
     <span class='ocr_line' id='line_1_91' title="bbox 984 2332 1265 2374; baseline 0.004 -8"><span class='ocrx_word' id='word_1_211' title='bbox 984 2332 1033 2366; x_wconf 88' lang='lat' dir='ltr'>Sit</span> <span class='ocrx_word' id='word_1_212' title='bbox 1059 2334 1265 2374; x_wconf 81' lang='lat' dir='ltr'>acceptabile</span> 
     </span>
    </p>

    <p class='ocr_par' dir='ltr' id='par_1_44' title="bbox 983 2382 1408 2467">
     <span class='ocr_line' id='line_1_92' title="bbox 1031 2382 1408 2425; baseline 0 -9"><span class='ocrx_word' id='word_1_213' title='bbox 1031 2382 1191 2416; x_wconf 79' lang='lat' dir='ltr'>Nostrum</span> <span class='ocrx_word' id='word_1_214' title='bbox 1217 2384 1408 2425; x_wconf 81' lang='lat' dir='ltr'>obsequium</span> 
     </span>
     <span class='ocr_line' id='line_1_93' title="bbox 983 2432 1194 2467; baseline -0.009 0"><span class='ocrx_word' id='word_1_215' title='bbox 983 2432 1194 2467; x_wconf 84' lang='lat' dir='ltr'>Rationabile</span> 
     </span>
    </p>

    <p class='ocr_par' dir='ltr' id='par_1_45' title="bbox 1032 2482 1322 2517">
     <span class='ocr_line' id='line_1_94' title="bbox 1032 2482 1322 2517; baseline 0.007 -3"><span class='ocrx_word' id='word_1_216' title='bbox 1032 2482 1097 2515; x_wconf 88' lang='lat' dir='ltr'>Per</span> <span class='ocrx_word' id='word_1_217' title='bbox 1120 2483 1322 2517; x_wconf 80' lang='lat' dir='ltr'>exercitium.</span> 
     </span>
    </p>
   </div>
  </div>
 </body>
</html>
