<?xml version="1.0" encoding="UTF-8"?>
<!DOCTYPE html PUBLIC "-//W3C//DTD XHTML 1.0 Transitional//EN"
    "http://www.w3.org/TR/xhtml1/DTD/xhtml1-transitional.dtd">
<html xmlns="http://www.w3.org/1999/xhtml" xml:lang="en" lang="en">
 <head>
  <title>
</title>
<meta http-equiv="Content-Type" content="text/html;charset=utf-8" />
  <meta name='ocr-system' content='tesseract 3.04.00' />
  <meta name='ocr-capabilities' content='ocr_page ocr_carea ocr_par ocr_line ocrx_word'/>
</head>
<body>
  <div class='ocr_page' id='page_1' title='image "./analectahymnica38drevuoft_00223.png"; bbox 0 0 1650 2671; ppageno 0'>
   <div class='ocr_carea' id='block_1_1' title="bbox 760 135 1027 169">
    <p class='ocr_par' dir='ltr' id='par_1_1' title="bbox 760 135 1027 169">
     <span class='ocr_line' id='line_1_1' title="bbox 760 135 1027 169; baseline -0.004 0"><span class='ocrx_word' id='word_1_1' title='bbox 760 153 802 157; x_wconf 93' lang='lat'><em>-</em></span> <span class='ocrx_word' id='word_1_2' title='bbox 857 135 1027 169; x_wconf 83' lang='lat'>220-</span> 
     </span>
    </p>
   </div>
   <div class='ocr_carea' id='block_1_2' title="bbox 215 230 757 608">
    <p class='ocr_par' dir='ltr' id='par_1_2' title="bbox 215 230 668 272">
     <span class='ocr_line' id='line_1_2' title="bbox 215 230 668 272; baseline -0.004 -9"><span class='ocrx_word' id='word_1_3' title='bbox 215 232 272 263; x_wconf 83' lang='lat'><strong>70.</strong></span> <span class='ocrx_word' id='word_1_4' title='bbox 301 231 384 269; x_wconf 87' lang='lat' dir='ltr'><strong>Ave,</strong></span> <span class='ocrx_word' id='word_1_5' title='bbox 411 234 517 263; x_wconf 88' lang='lat' dir='ltr'><strong>mater</strong></span> <span class='ocrx_word' id='word_1_6' title='bbox 542 230 668 272; x_wconf 83' lang='lat' dir='ltr'><strong>inclita,</strong></span> 
     </span>
    </p>

    <p class='ocr_par' dir='ltr' id='par_1_3' title="bbox 362 279 700 313">
     <span class='ocr_line' id='line_1_3' title="bbox 362 279 700 313; baseline -0.006 0"><span class='ocrx_word' id='word_1_7' title='bbox 362 280 461 313; x_wconf 89' lang='lat' dir='ltr'><strong>Cuius</strong></span> <span class='ocrx_word' id='word_1_8' title='bbox 489 279 529 312; x_wconf 91' lang='lat' dir='ltr'><strong>ab</strong></span> <span class='ocrx_word' id='word_1_9' title='bbox 556 288 700 311; x_wconf 87' lang='lat' dir='ltr'><strong>amorem</strong></span> 
     </span>
    </p>

    <p class='ocr_par' dir='ltr' id='par_1_4' title="bbox 314 329 757 419">
     <span class='ocr_line' id='line_1_4' title="bbox 314 329 636 370; baseline -0.009 -8"><span class='ocrx_word' id='word_1_10' title='bbox 314 329 457 363; x_wconf 86' lang='lat' dir='ltr'><strong>Concino</strong></span> <span class='ocrx_word' id='word_1_11' title='bbox 484 330 636 370; x_wconf 84' lang='lat' dir='ltr'>poemata</span> 
     </span>
     <span class='ocr_line' id='line_1_5' title="bbox 363 377 757 419; baseline 0 -10"><span class='ocrx_word' id='word_1_12' title='bbox 363 377 488 409; x_wconf 83' lang='lat' dir='ltr'><strong>Laudis</strong></span> <span class='ocrx_word' id='word_1_13' title='bbox 515 386 575 417; x_wconf 88' lang='lat' dir='ltr'><strong>per</strong></span> <span class='ocrx_word' id='word_1_14' title='bbox 600 380 757 419; x_wconf 82' lang='lat' dir='ltr'><strong>tenorem,</strong></span> 
     </span>
    </p>

    <p class='ocr_par' dir='ltr' id='par_1_5' title="bbox 312 426 694 516">
     <span class='ocr_line' id='line_1_6' title="bbox 312 426 682 467; baseline -0.003 -8"><span class='ocrx_word' id='word_1_15' title='bbox 312 426 370 459; x_wconf 90' lang='lat' dir='ltr'><strong>Me</strong></span> <span class='ocrx_word' id='word_1_16' title='bbox 395 435 455 467; x_wconf 88' lang='lat' dir='ltr'><strong>per</strong></span> <span class='ocrx_word' id='word_1_17' title='bbox 481 432 538 459; x_wconf 89' lang='lat' dir='ltr'><strong>tua</strong></span> <span class='ocrx_word' id='word_1_18' title='bbox 564 426 682 458; x_wconf 89' lang='lat' dir='ltr'><strong>merita</strong></span> 
     </span>
     <span class='ocr_line' id='line_1_7' title="bbox 363 473 694 516; baseline 0 -9"><span class='ocrx_word' id='word_1_19' title='bbox 363 475 522 516; x_wconf 89' lang='lat' dir='ltr'><strong>Piumque</strong></span> <span class='ocrx_word' id='word_1_20' title='bbox 547 473 694 507; x_wconf 86' lang='lat' dir='ltr'><strong>favorem</strong></span> 
     </span>
    </p>

    <p class='ocr_par' dir='ltr' id='par_1_6' title="bbox 316 523 721 608">
     <span class='ocr_line' id='line_1_8' title="bbox 316 523 636 565; baseline -0.006 -7"><span class='ocrx_word' id='word_1_21' title='bbox 316 524 470 565; x_wconf 82' lang='lat' dir='ltr'><strong>Amplius</strong></span> <span class='ocrx_word' id='word_1_22' title='bbox 497 523 636 556; x_wconf 84' lang='lat' dir='ltr'><strong>habilita</strong></span> 
     </span>
     <span class='ocr_line' id='line_1_9' title="bbox 361 574 721 608; baseline 0.003 -1"><span class='ocrx_word' id='word_1_23' title='bbox 361 574 467 607; x_wconf 91' lang='lat' dir='ltr'><strong>Tuum</strong></span> <span class='ocrx_word' id='word_1_24' title='bbox 485 574 528 606; x_wconf 90' lang='lat' dir='ltr'><strong>ad</strong></span> <span class='ocrx_word' id='word_1_25' title='bbox 555 574 721 608; x_wconf 89' lang='lat' dir='ltr'><strong>bonorem.</strong></span> 
     </span>
    </p>
   </div>
   <div class='ocr_carea' id='block_1_3' title="bbox 233 652 734 1028">
    <p class='ocr_par' dir='ltr' id='par_1_7' title="bbox 233 652 734 1028">
     <span class='ocr_line' id='line_1_10' title="bbox 233 652 660 695; baseline 0 -9"><span class='ocrx_word' id='word_1_26' title='bbox 233 653 289 686; x_wconf 70' lang='grc'><strong>71.</strong></span> <span class='ocrx_word' id='word_1_27' title='bbox 315 654 398 695; x_wconf 88' lang='lat' dir='ltr'><strong>Ave,</strong></span> <span class='ocrx_word' id='word_1_28' title='bbox 427 652 531 685; x_wconf 87' lang='lat' dir='ltr'><strong>vellus</strong></span> <span class='ocrx_word' id='word_1_29' title='bbox 552 652 660 694; x_wconf 85' lang='lat' dir='ltr'><strong>gratia</strong></span> 
     </span>
     <span class='ocr_line' id='line_1_11' title="bbox 366 702 734 743; baseline -0.003 -8"><span class='ocrx_word' id='word_1_30' title='bbox 366 702 498 735; x_wconf 81' lang='lat' dir='ltr'><strong>Caelica</strong></span> <span class='ocrx_word' id='word_1_31' title='bbox 524 702 734 743; x_wconf 79' lang='lat' dir='ltr'><strong>complutum,</strong></span> 
     </span>
     <span class='ocr_line' id='line_1_12' title="bbox 318 750 730 784; baseline -0.002 -1"><span class='ocrx_word' id='word_1_32' title='bbox 318 750 517 784; x_wconf 72' lang='lat' dir='ltr'><strong>confortans</strong></span> <span class='ocrx_word' id='word_1_33' title='bbox 545 751 730 783; x_wconf 81' lang='lat' dir='ltr'><strong>constantia</strong></span> 
     </span>
     <span class='ocr_line' id='line_1_13' title="bbox 366 799 710 843; baseline -0.003 -11"><span class='ocrx_word' id='word_1_34' title='bbox 366 799 482 832; x_wconf 86' lang='lat' dir='ltr'><strong>Vatem</strong></span> <span class='ocrx_word' id='word_1_35' title='bbox 510 799 710 843; x_wconf 86' lang='lat' dir='ltr'><strong>destitutum,</strong></span> 
     </span>
     <span class='ocr_line' id='line_1_14' title="bbox 317 848 640 882; baseline -0.006 0"><span class='ocrx_word' id='word_1_36' title='bbox 317 848 411 882; x_wconf 90' lang='lat' dir='ltr'><strong>Omni</strong></span> <span class='ocrx_word' id='word_1_37' title='bbox 436 857 489 880; x_wconf 92' lang='lat' dir='ltr'><strong>me</strong></span> <span class='ocrx_word' id='word_1_38' title='bbox 513 848 640 880; x_wconf 85' lang='lat' dir='ltr'><strong>iustitia</strong></span> 
     </span>
     <span class='ocr_line' id='line_1_15' title="bbox 363 896 665 929; baseline -0.003 0"><span class='ocrx_word' id='word_1_39' title='bbox 363 896 481 929; x_wconf 78' lang='lat' dir='ltr'>Facito</span> <span class='ocrx_word' id='word_1_40' title='bbox 506 896 665 929; x_wconf 88' lang='lat' dir='ltr'><strong>imbutum</strong></span> 
     </span>
     <span class='ocr_line' id='line_1_16' title="bbox 320 941 693 985; baseline 0 -8"><span class='ocrx_word' id='word_1_41' title='bbox 320 941 464 985; x_wconf 75' lang='lat' dir='ltr'><strong>Replens</strong></span> <span class='ocrx_word' id='word_1_42' title='bbox 491 945 693 978; x_wconf 87' lang='lat' dir='ltr'><strong>abundantia</strong></span> 
     </span>
     <span class='ocr_line' id='line_1_17' title="bbox 371 994 719 1028; baseline 0.003 -1"><span class='ocrx_word' id='word_1_43' title='bbox 371 994 456 1027; x_wconf 77' lang='lat' dir='ltr'><strong>Paci:</strong></span> <span class='ocrx_word' id='word_1_44' title='bbox 494 997 525 1025; x_wconf 92' lang='lat' dir='ltr'><strong>et</strong></span> <span class='ocrx_word' id='word_1_45' title='bbox 552 994 719 1028; x_wconf 89' lang='lat' dir='ltr'><strong>virtutum.</strong></span> 
     </span>
    </p>
   </div>
   <div class='ocr_carea' id='block_1_4' title="bbox 237 1073 709 1448">
    <p class='ocr_par' dir='ltr' id='par_1_8' title="bbox 237 1073 709 1448">
     <span class='ocr_line' id='line_1_18' title="bbox 237 1073 709 1117; baseline -0.006 -10"><span class='ocrx_word' id='word_1_46' title='bbox 237 1074 293 1107; x_wconf 80' lang='lat'><strong>72.</strong></span> <span class='ocrx_word' id='word_1_47' title='bbox 317 1073 399 1117; x_wconf 79' lang='lat' dir='ltr'><strong>Ave,</strong></span> <span class='ocrx_word' id='word_1_48' title='bbox 428 1082 503 1114; x_wconf 61' lang='lat' dir='ltr'><strong>spes</strong></span> <span class='ocrx_word' id='word_1_49' title='bbox 530 1073 709 1111; x_wconf 86' lang='lat' dir='ltr'><strong>humilium,</strong></span> 
     </span>
     <span class='ocr_line' id='line_1_19' title="bbox 369 1121 642 1163; baseline -0.011 -7"><span class='ocrx_word' id='word_1_50' title='bbox 369 1124 477 1156; x_wconf 83' lang='lat' dir='ltr'>Pausa</span> <span class='ocrx_word' id='word_1_51' title='bbox 502 1121 642 1163; x_wconf 83' lang='lat' dir='ltr'><strong>fatigati,</strong></span> 
     </span>
     <span class='ocr_line' id='line_1_20' title="bbox 322 1170 676 1211; baseline -0.008 -6"><span class='ocrx_word' id='word_1_52' title='bbox 322 1172 474 1205; x_wconf 54' lang='lat' dir='ltr'><strong>solamen</strong></span> <span class='ocrx_word' id='word_1_53' title='bbox 501 1170 676 1211; x_wconf 82' lang='lat' dir='ltr'><strong>fragilium,</strong></span> 
     </span>
     <span class='ocr_line' id='line_1_21' title="bbox 372 1219 655 1259; baseline -0.007 -6"><span class='ocrx_word' id='word_1_54' title='bbox 372 1220 456 1253; x_wconf 84' lang='lat' dir='ltr'><strong>Sinu:</strong></span> <span class='ocrx_word' id='word_1_55' title='bbox 494 1219 655 1259; x_wconf 73' lang='lat' dir='ltr'><strong>trIbulati,</strong></span> 
     </span>
     <span class='ocr_line' id='line_1_22' title="bbox 320 1268 655 1303; baseline -0.009 0"><span class='ocrx_word' id='word_1_56' title='bbox 320 1269 454 1303; x_wconf 84' lang='lat' dir='ltr'><strong>Adhibe</strong></span> <span class='ocrx_word' id='word_1_57' title='bbox 477 1268 655 1301; x_wconf 89' lang='lat' dir='ltr'><strong>remedium</strong></span> 
     </span>
     <span class='ocr_line' id='line_1_23' title="bbox 369 1316 658 1359; baseline -0.007 -9"><span class='ocrx_word' id='word_1_58' title='bbox 369 1318 466 1350; x_wconf 88' lang='lat' dir='ltr'><strong>Meae</strong></span> <span class='ocrx_word' id='word_1_59' title='bbox 491 1316 658 1359; x_wconf 69' lang='lat' dir='ltr'><strong>pravitati,</strong></span> 
     </span>
     <span class='ocr_line' id='line_1_24' title="bbox 320 1366 662 1408; baseline -0.006 -9"><span class='ocrx_word' id='word_1_60' title='bbox 320 1367 450 1400; x_wconf 89' lang='lat' dir='ltr'><strong>Pellens</strong></span> <span class='ocrx_word' id='word_1_61' title='bbox 476 1366 662 1408; x_wconf 72' lang='lat' dir='ltr'><strong>gelicidium</strong></span> 
     </span>
     <span class='ocr_line' id='line_1_25' title="bbox 384 1414 691 1448; baseline 0 -1"><span class='ocrx_word' id='word_1_62' title='bbox 384 1415 502 1448; x_wconf 87' lang='lat' dir='ltr'><strong>Cordis</strong></span> <span class='ocrx_word' id='word_1_63' title='bbox 528 1414 691 1447; x_wconf 89' lang='lat' dir='ltr'><strong>obdurati.</strong></span> 
     </span>
    </p>
   </div>
   <div class='ocr_carea' id='block_1_5' title="bbox 245 1494 780 1870">
    <p class='ocr_par' dir='ltr' id='par_1_9' title="bbox 245 1494 660 1537">
     <span class='ocr_line' id='line_1_26' title="bbox 245 1494 660 1537; baseline -0.01 -9"><span class='ocrx_word' id='word_1_64' title='bbox 245 1495 301 1528; x_wconf 85' lang='lat'><strong>73.</strong></span> <span class='ocrx_word' id='word_1_65' title='bbox 328 1494 410 1537; x_wconf 82' lang='lat' dir='ltr'><strong>Ave,</strong></span> <span class='ocrx_word' id='word_1_66' title='bbox 450 1495 660 1526; x_wconf 69' lang='lat' dir='ltr'><strong>anctuam&#39;um</strong></span> 
     </span>
    </p>

    <p class='ocr_par' dir='ltr' id='par_1_10' title="bbox 376 1542 698 1582">
     <span class='ocr_line' id='line_1_27' title="bbox 376 1542 698 1582; baseline -0.006 -6"><span class='ocrx_word' id='word_1_67' title='bbox 376 1543 498 1576; x_wconf 81' lang='lat' dir='ltr'><strong>Christi</strong></span> <span class='ocrx_word' id='word_1_68' title='bbox 524 1542 698 1582; x_wconf 75' lang='lat' dir='ltr'><strong>singulare,</strong></span> 
     </span>
    </p>

    <p class='ocr_par' dir='ltr' id='par_1_11' title="bbox 323 1591 780 1681">
     <span class='ocr_line' id='line_1_28' title="bbox 323 1591 780 1632; baseline -0.007 -8"><span class='ocrx_word' id='word_1_69' title='bbox 323 1595 392 1632; x_wconf 66' lang='lat' dir='ltr'><strong>Quo</strong></span> <span class='ocrx_word' id='word_1_70' title='bbox 420 1594 470 1624; x_wconf 81' lang='lat' dir='ltr'><strong>ter</strong></span> <span class='ocrx_word' id='word_1_71' title='bbox 498 1591 594 1623; x_wconf 89' lang='lat' dir='ltr'><strong>trium</strong></span> <span class='ocrx_word' id='word_1_72' title='bbox 620 1591 780 1623; x_wconf 83' lang='lat' dir='ltr'><strong>mensium</strong></span> 
     </span>
     <span class='ocr_line' id='line_1_29' title="bbox 369 1641 699 1681; baseline -0.006 -8"><span class='ocrx_word' id='word_1_73' title='bbox 369 1641 533 1681; x_wconf 81' lang='lat' dir='ltr'>Tempore</span> <span class='ocrx_word' id='word_1_74' title='bbox 559 1647 699 1681; x_wconf 83' lang='lat' dir='ltr'>pausare</span> 
     </span>
    </p>

    <p class='ocr_par' dir='ltr' id='par_1_12' title="bbox 324 1689 720 1780">
     <span class='ocr_line' id='line_1_30' title="bbox 324 1689 654 1729; baseline -0.003 -7"><span class='ocrx_word' id='word_1_75' title='bbox 324 1690 445 1729; x_wconf 78' lang='lat' dir='ltr'><strong>Voluit,</strong></span> <span class='ocrx_word' id='word_1_76' title='bbox 486 1689 654 1721; x_wconf 70' lang='lat' dir='ltr'><strong>:ubsidium</strong></span> 
     </span>
     <span class='ocr_line' id='line_1_31' title="bbox 372 1738 720 1780; baseline -0.003 -9"><span class='ocrx_word' id='word_1_77' title='bbox 372 1738 526 1780; x_wconf 80' lang='lat' dir='ltr'><strong>Digneris</strong></span> <span class='ocrx_word' id='word_1_78' title='bbox 554 1741 720 1778; x_wconf 84' lang='lat' dir='ltr'><strong>praestare</strong></span> 
     </span>
    </p>

    <p class='ocr_par' dir='ltr' id='par_1_13' title="bbox 323 1787 695 1870">
     <span class='ocr_line' id='line_1_32' title="bbox 323 1787 695 1828; baseline -0.003 -7"><span class='ocrx_word' id='word_1_79' title='bbox 323 1787 461 1821; x_wconf 78' lang='lat' dir='ltr'><strong>Conanti</strong></span> <span class='ocrx_word' id='word_1_80' title='bbox 485 1787 695 1828; x_wconf 87' lang='lat' dir='ltr'><strong>praeconium</strong></span> 
     </span>
     <span class='ocr_line' id='line_1_33' title="bbox 369 1836 688 1870; baseline 0.003 -1"><span class='ocrx_word' id='word_1_81' title='bbox 369 1837 474 1869; x_wconf 90' lang='lat' dir='ltr'><strong>Tuum</strong></span> <span class='ocrx_word' id='word_1_82' title='bbox 503 1836 688 1870; x_wconf 88' lang='lat' dir='ltr'><strong>decantare.</strong></span> 
     </span>
    </p>
   </div>
   <div class='ocr_carea' id='block_1_6' title="bbox 251 1915 736 2291">
    <p class='ocr_par' dir='ltr' id='par_1_14' title="bbox 251 1915 697 1958">
     <span class='ocr_line' id='line_1_34' title="bbox 251 1915 697 1958; baseline -0.002 -10"><span class='ocrx_word' id='word_1_83' title='bbox 251 1916 306 1950; x_wconf 83' lang='lat'><strong>74.</strong></span> <span class='ocrx_word' id='word_1_84' title='bbox 335 1917 418 1950; x_wconf 81' lang='lat' dir='ltr'><strong>Ave.</strong></span> <span class='ocrx_word' id='word_1_85' title='bbox 444 1925 538 1958; x_wconf 80' lang='lat' dir='ltr'><strong>V1rgo</strong></span> <span class='ocrx_word' id='word_1_86' title='bbox 564 1915 697 1948; x_wconf 84' lang='lat' dir='ltr'><strong>humilis</strong></span> 
     </span>
    </p>

    <p class='ocr_par' dir='ltr' id='par_1_15' title="bbox 377 1965 734 2006">
     <span class='ocr_line' id='line_1_35' title="bbox 377 1965 734 2006; baseline -0.006 -7"><span class='ocrx_word' id='word_1_87' title='bbox 377 1965 567 2006; x_wconf 76' lang='lat' dir='ltr'><strong>Christique</strong></span> <span class='ocrx_word' id='word_1_88' title='bbox 593 1965 734 2005; x_wconf 90' lang='lat' dir='ltr'><strong>alumna,</strong></span> 
     </span>
    </p>

    <p class='ocr_par' dir='ltr' id='par_1_16' title="bbox 325 2013 736 2104">
     <span class='ocr_line' id='line_1_36' title="bbox 325 2013 736 2055; baseline 0 -9"><span class='ocrx_word' id='word_1_89' title='bbox 325 2014 423 2046; x_wconf 90' lang='lat' dir='ltr'><strong>Mons</strong></span> <span class='ocrx_word' id='word_1_90' title='bbox 449 2014 581 2055; x_wconf 88' lang='lat' dir='ltr'><strong>amoris,</strong></span> <span class='ocrx_word' id='word_1_91' title='bbox 608 2013 736 2047; x_wconf 79' lang='lat' dir='ltr'><strong>stabilis</strong></span> 
     </span>
     <span class='ocr_line' id='line_1_37' title="bbox 377 2063 659 2104; baseline 0.004 -9"><span class='ocrx_word' id='word_1_92' title='bbox 377 2063 474 2095; x_wconf 89' lang='lat' dir='ltr'><strong>F1dei</strong></span> <span class='ocrx_word' id='word_1_93' title='bbox 500 2064 659 2104; x_wconf 85' lang='lat' dir='ltr'><strong>columna,</strong></span> 
     </span>
    </p>

    <p class='ocr_par' dir='ltr' id='par_1_17' title="bbox 327 2111 724 2202">
     <span class='ocr_line' id='line_1_38' title="bbox 327 2111 713 2144; baseline 0 0"><span class='ocrx_word' id='word_1_94' title='bbox 327 2111 465 2144; x_wconf 87' lang='lat' dir='ltr'>Hostem</span> <span class='ocrx_word' id='word_1_95' title='bbox 492 2114 554 2144; x_wconf 86' lang='lat' dir='ltr'><strong>tms</strong></span> <span class='ocrx_word' id='word_1_96' title='bbox 581 2111 713 2144; x_wconf 86' lang='lat' dir='ltr'><strong>famulis</strong></span> 
     </span>
     <span class='ocr_line' id='line_1_39' title="bbox 377 2159 724 2202; baseline 0 -9"><span class='ocrx_word' id='word_1_97' title='bbox 377 2159 537 2193; x_wconf 67' lang='lat' dir='ltr'><strong>infestum</strong></span> <span class='ocrx_word' id='word_1_98' title='bbox 564 2170 724 2202; x_wconf 79' lang='lat' dir='ltr'><strong>expugna,</strong></span> 
     </span>
    </p>

    <p class='ocr_par' dir='ltr' id='par_1_18' title="bbox 326 2209 717 2291">
     <span class='ocr_line' id='line_1_40' title="bbox 326 2209 717 2250; baseline 0 -9"><span class='ocrx_word' id='word_1_99' title='bbox 326 2209 392 2242; x_wconf 89' lang='lat' dir='ltr'><strong>Per</strong></span> <span class='ocrx_word' id='word_1_100' title='bbox 418 2219 513 2250; x_wconf 89' lang='lat' dir='ltr'><strong>quem</strong></span> <span class='ocrx_word' id='word_1_101' title='bbox 538 2209 717 2242; x_wconf 85' lang='lat' dir='ltr'><strong>indicibilis</strong></span> 
     </span>
     <span class='ocr_line' id='line_1_41' title="bbox 375 2258 715 2291; baseline 0 -1"><span class='ocrx_word' id='word_1_102' title='bbox 375 2258 524 2290; x_wconf 85' lang='lat' dir='ltr'><strong>Minatur</strong></span> <span class='ocrx_word' id='word_1_103' title='bbox 549 2267 715 2291; x_wconf 87' lang='lat' dir='ltr'><strong>aerumna.</strong></span> 
     </span>
    </p>
   </div>
   <div class='ocr_carea' id='block_1_7' title="bbox 246 2336 804 2528">
    <p class='ocr_par' dir='ltr' id='par_1_19' title="bbox 246 2336 804 2528">
     <span class='ocr_line' id='line_1_42' title="bbox 246 2336 636 2378; baseline -0.013 -5"><span class='ocrx_word' id='word_1_104' title='bbox 246 2339 303 2373; x_wconf 83' lang='lat'><strong>75.</strong></span> <span class='ocrx_word' id='word_1_105' title='bbox 330 2338 413 2378; x_wconf 78' lang='lat' dir='ltr'><strong>Ave,</strong></span> <span class='ocrx_word' id='word_1_106' title='bbox 439 2336 636 2369; x_wconf 67' lang='lat' dir='ltr'><strong>venerabili.e</strong></span> 
     </span>
     <span class='ocr_line' id='line_1_43' title="bbox 378 2385 693 2419; baseline -0.006 0"><span class='ocrx_word' id='word_1_107' title='bbox 378 2386 488 2419; x_wconf 81' lang='lat' dir='ltr'><strong>Mater</strong></span> <span class='ocrx_word' id='word_1_108' title='bbox 515 2388 548 2417; x_wconf 87' lang='lat' dir='ltr'><strong>et</strong></span> <span class='ocrx_word' id='word_1_109' title='bbox 572 2385 693 2418; x_wconf 89' lang='lat' dir='ltr'><strong>ancilla</strong></span> 
     </span>
     <span class='ocr_line' id='line_1_44' title="bbox 333 2433 804 2476; baseline -0.008 -7"><span class='ocrx_word' id='word_1_110' title='bbox 333 2435 465 2474; x_wconf 77' lang='lat' dir='ltr'><strong>Christi,</strong></span> <span class='ocrx_word' id='word_1_111' title='bbox 493 2444 588 2476; x_wconf 87' lang='lat' dir='ltr'><strong>quam</strong></span> <span class='ocrx_word' id='word_1_112' title='bbox 615 2433 804 2475; x_wconf 55' lang='lat' dir='ltr'><strong>spectabilis</strong></span> 
     </span>
     <span class='ocr_line' id='line_1_45' title="bbox 379 2483 691 2528; baseline -0.01 -9"><span class='ocrx_word' id='word_1_113' title='bbox 379 2484 532 2519; x_wconf 80' lang='lat' dir='ltr'><strong>Meminit</strong></span> <span class='ocrx_word' id='word_1_114' title='bbox 554 2483 691 2528; x_wconf 64' lang='lat' dir='ltr'><strong>Sibylla,</strong></span> 
     </span>
    </p>
   </div>
   <div class='ocr_carea' id='block_1_8' title="bbox 1015 232 1466 417">
    <p class='ocr_par' dir='ltr' id='par_1_20' title="bbox 1015 232 1466 319">
     <span class='ocr_line' id='line_1_46' title="bbox 1015 232 1338 264; baseline 0 0"><span class='ocrx_word' id='word_1_115' title='bbox 1015 232 1114 264; x_wconf 85' lang='lat' dir='ltr'><strong>Fidei</strong></span> <span class='ocrx_word' id='word_1_116' title='bbox 1140 232 1185 264; x_wconf 82' lang='lat' dir='ltr'><strong>sit</strong></span> <span class='ocrx_word' id='word_1_117' title='bbox 1209 232 1338 264; x_wconf 80' lang='lat' dir='ltr'><strong>stabilis</strong></span> 
     </span>
     <span class='ocr_line' id='line_1_47' title="bbox 1066 278 1466 319; baseline -0.005 -7"><span class='ocrx_word' id='word_1_118' title='bbox 1066 280 1190 315; x_wconf 84' lang='lat' dir='ltr'><strong>Domus</strong></span> <span class='ocrx_word' id='word_1_119' title='bbox 1217 284 1250 312; x_wconf 81' lang='lat' dir='ltr'><strong>et</strong></span> <span class='ocrx_word' id='word_1_120' title='bbox 1276 278 1466 319; x_wconf 84' lang='lat' dir='ltr'><strong>tranquilla,</strong></span> 
     </span>
    </p>

    <p class='ocr_par' dir='ltr' id='par_1_21' title="bbox 1018 327 1448 417">
     <span class='ocr_line' id='line_1_48' title="bbox 1018 327 1377 369; baseline -0.003 -9"><span class='ocrx_word' id='word_1_121' title='bbox 1018 328 1068 361; x_wconf 81' lang='lat' dir='ltr'><strong>Sit</strong></span> <span class='ocrx_word' id='word_1_122' title='bbox 1093 327 1377 369; x_wconf 86' lang='lat' dir='ltr'><strong>imperturbabilis</strong></span> 
     </span>
     <span class='ocr_line' id='line_1_49' title="bbox 1068 375 1448 417; baseline -0.008 -7"><span class='ocrx_word' id='word_1_123' title='bbox 1068 377 1207 417; x_wconf 83' lang='lat' dir='ltr'><strong>Semper</strong></span> <span class='ocrx_word' id='word_1_124' title='bbox 1231 386 1297 417; x_wconf 80' lang='lat' dir='ltr'><strong>pax</strong></span> <span class='ocrx_word' id='word_1_125' title='bbox 1322 376 1358 407; x_wconf 88' lang='lat' dir='ltr'><strong>in</strong></span> <span class='ocrx_word' id='word_1_126' title='bbox 1377 375 1448 407; x_wconf 82' lang='lat' dir='ltr'><strong>illa.</strong></span> 
     </span>
    </p>
   </div>
   <div class='ocr_carea' id='block_1_9' title="bbox 923 454 1359 499">
    <p class='ocr_par' dir='ltr' id='par_1_22' title="bbox 923 454 1359 499">
     <span class='ocr_line' id='line_1_50' title="bbox 923 454 1359 499; baseline -0.011 -8"><span class='ocrx_word' id='word_1_127' title='bbox 923 457 979 491; x_wconf 83' lang='grc'><strong>76.</strong></span> <span class='ocrx_word' id='word_1_128' title='bbox 1006 456 1089 499; x_wconf 85' lang='lat' dir='ltr'><strong>Ave,</strong></span> <span class='ocrx_word' id='word_1_129' title='bbox 1118 463 1202 496; x_wconf 84' lang='lat' dir='ltr'><strong>quae</strong></span> <span class='ocrx_word' id='word_1_130' title='bbox 1229 454 1359 487; x_wconf 89' lang='lat' dir='ltr'><strong>deliciis</strong></span> 
     </span>
    </p>
   </div>
   <div class='ocr_carea' id='block_1_10' title="bbox 937 878 993 912">
    <p class='ocr_par' dir='ltr' id='par_1_23' title="bbox 937 878 993 912">
     <span class='ocr_line' id='line_1_51' title="bbox 937 878 993 912; baseline 0.036 -2"><span class='ocrx_word' id='word_1_131' title='bbox 937 878 993 912; x_wconf 91' lang='grc'><strong>77.</strong></span> 
     </span>
    </p>
   </div>
   <div class='ocr_carea' id='block_1_11' title="bbox 943 1299 999 1332">
    <p class='ocr_par' dir='ltr' id='par_1_24' title="bbox 943 1299 999 1332">
     <span class='ocr_line' id='line_1_52' title="bbox 943 1299 999 1332; baseline 0 -1"><span class='ocrx_word' id='word_1_132' title='bbox 943 1299 999 1332; x_wconf 89' lang='grc'><strong>78.</strong></span> 
     </span>
    </p>
   </div>
   <div class='ocr_carea' id='block_1_12' title="bbox 943 1720 999 1752">
    <p class='ocr_par' dir='ltr' id='par_1_25' title="bbox 943 1720 999 1752">
     <span class='ocr_line' id='line_1_53' title="bbox 943 1720 999 1752; baseline 0 0"><span class='ocrx_word' id='word_1_133' title='bbox 943 1720 999 1752; x_wconf 88' lang='grc'><strong>79.</strong></span> 
     </span>
    </p>
   </div>
   <div class='ocr_carea' id='block_1_13' title="bbox 944 2143 1001 2176">
    <p class='ocr_par' dir='ltr' id='par_1_26' title="bbox 944 2143 1001 2176">
     <span class='ocr_line' id='line_1_54' title="bbox 944 2143 1001 2176; baseline 0.018 -1"><span class='ocrx_word' id='word_1_134' title='bbox 944 2143 1001 2176; x_wconf 88' lang='lat'><strong>80.</strong></span> 
     </span>
    </p>
   </div>
   <div class='ocr_carea' id='block_1_14' title="bbox 1020 503 1447 839">
    <p class='ocr_par' dir='ltr' id='par_1_27' title="bbox 1022 503 1382 594">
     <span class='ocr_line' id='line_1_55' title="bbox 1074 503 1382 545; baseline 0 -9"><span class='ocrx_word' id='word_1_135' title='bbox 1074 505 1225 545; x_wconf 86' lang='lat' dir='ltr'><strong>Paceque</strong></span> <span class='ocrx_word' id='word_1_136' title='bbox 1249 503 1382 536; x_wconf 82' lang='lat' dir='ltr'><strong>interna</strong></span> 
     </span>
     <span class='ocr_line' id='line_1_56' title="bbox 1022 552 1373 594; baseline -0.006 -8"><span class='ocrx_word' id='word_1_137' title='bbox 1022 553 1158 586; x_wconf 85' lang='lat' dir='ltr'><strong>Frueris</strong></span> <span class='ocrx_word' id='word_1_138' title='bbox 1185 555 1218 585; x_wconf 85' lang='lat' dir='ltr'><strong>et</strong></span> <span class='ocrx_word' id='word_1_139' title='bbox 1243 552 1373 594; x_wconf 84' lang='lat' dir='ltr'><strong>gaudiis</strong></span> 
     </span>
    </p>

    <p class='ocr_par' dir='ltr' id='par_1_28' title="bbox 1022 602 1391 685">
     <span class='ocr_line' id='line_1_57' title="bbox 1070 602 1391 645; baseline -0.006 -9"><span class='ocrx_word' id='word_1_140' title='bbox 1070 603 1110 636; x_wconf 92' lang='lat' dir='ltr'><strong>In</strong></span> <span class='ocrx_word' id='word_1_141' title='bbox 1136 602 1214 635; x_wconf 88' lang='lat' dir='ltr'><strong>Sion</strong></span> <span class='ocrx_word' id='word_1_142' title='bbox 1239 611 1391 645; x_wconf 83' lang='lat' dir='ltr'><strong>superna,</strong></span> 
     </span>
     <span class='ocr_line' id='line_1_58' title="bbox 1022 651 1346 685; baseline -0.009 0"><span class='ocrx_word' id='word_1_143' title='bbox 1022 651 1187 685; x_wconf 87' lang='lat' dir='ltr'><strong>Absolvas</strong></span> <span class='ocrx_word' id='word_1_144' title='bbox 1213 661 1233 684; x_wconf 88' lang='lat' dir='ltr'><strong>a</strong></span> <span class='ocrx_word' id='word_1_145' title='bbox 1258 651 1346 683; x_wconf 86' lang='lat' dir='ltr'><strong>vitiis</strong></span> 
     </span>
    </p>

    <p class='ocr_par' dir='ltr' id='par_1_29' title="bbox 1020 701 1433 790">
     <span class='ocr_line' id='line_1_59' title="bbox 1069 701 1433 742; baseline -0.008 -8"><span class='ocrx_word' id='word_1_146' title='bbox 1069 701 1127 734; x_wconf 87' lang='lat' dir='ltr'><strong>Me</strong></span> <span class='ocrx_word' id='word_1_147' title='bbox 1151 709 1251 742; x_wconf 85' lang='lat' dir='ltr'><strong>prece</strong></span> <span class='ocrx_word' id='word_1_148' title='bbox 1275 702 1433 739; x_wconf 85' lang='lat' dir='ltr'><strong>materna,</strong></span> 
     </span>
     <span class='ocr_line' id='line_1_60' title="bbox 1020 748 1412 790; baseline -0.008 -7"><span class='ocrx_word' id='word_1_149' title='bbox 1020 750 1072 783; x_wconf 87' lang='lat' dir='ltr'><strong>Ne</strong></span> <span class='ocrx_word' id='word_1_150' title='bbox 1098 750 1214 782; x_wconf 85' lang='lat' dir='ltr'><strong>tradar</strong></span> <span class='ocrx_word' id='word_1_151' title='bbox 1240 748 1412 790; x_wconf 86' lang='lat' dir='ltr'><strong>suppliciis</strong></span> 
     </span>
    </p>

    <p class='ocr_par' dir='ltr' id='par_1_30' title="bbox 1072 799 1447 839">
     <span class='ocr_line' id='line_1_61' title="bbox 1072 799 1447 839; baseline -0.008 -7"><span class='ocrx_word' id='word_1_152' title='bbox 1072 799 1189 833; x_wconf 87' lang='lat' dir='ltr'><strong>Saecla</strong></span> <span class='ocrx_word' id='word_1_153' title='bbox 1214 807 1275 839; x_wconf 88' lang='lat' dir='ltr'><strong>per</strong></span> <span class='ocrx_word' id='word_1_154' title='bbox 1300 800 1447 830; x_wconf 86' lang='lat' dir='ltr'><strong>aeterna.</strong></span> 
     </span>
    </p>
   </div>
   <div class='ocr_carea' id='block_1_15' title="bbox 1020 875 1452 1252">
    <p class='ocr_par' dir='ltr' id='par_1_31' title="bbox 1020 875 1437 1006">
     <span class='ocr_line' id='line_1_62' title="bbox 1020 875 1380 919; baseline -0.008 -9"><span class='ocrx_word' id='word_1_155' title='bbox 1020 877 1102 919; x_wconf 86' lang='lat' dir='ltr'><strong>Ave,</strong></span> <span class='ocrx_word' id='word_1_156' title='bbox 1126 876 1218 909; x_wconf 90' lang='lat' dir='ltr'><strong>sidus</strong></span> <span class='ocrx_word' id='word_1_157' title='bbox 1243 875 1380 917; x_wconf 84' lang='lat' dir='ltr'><strong>gratiae,</strong></span> 
     </span>
     <span class='ocr_line' id='line_1_63' title="bbox 1069 924 1411 965; baseline -0.006 -7"><span class='ocrx_word' id='word_1_158' title='bbox 1069 925 1177 958; x_wconf 84' lang='lat' dir='ltr'><strong>Decus</strong></span> <span class='ocrx_word' id='word_1_159' title='bbox 1204 924 1411 965; x_wconf 85' lang='lat' dir='ltr'><strong>firmamenti,</strong></span> 
     </span>
     <span class='ocr_line' id='line_1_64' title="bbox 1020 973 1437 1006; baseline -0.002 0"><span class='ocrx_word' id='word_1_160' title='bbox 1020 974 1084 1006; x_wconf 89' lang='lat' dir='ltr'><strong>Per</strong></span> <span class='ocrx_word' id='word_1_161' title='bbox 1110 983 1217 1006; x_wconf 88' lang='lat' dir='ltr'><strong>rorem</strong></span> <span class='ocrx_word' id='word_1_162' title='bbox 1244 973 1437 1006; x_wconf 86' lang='lat' dir='ltr'><strong>clementiae</strong></span> 
     </span>
    </p>

    <p class='ocr_par' dir='ltr' id='par_1_32' title="bbox 1021 1021 1452 1252">
     <span class='ocr_line' id='line_1_65' title="bbox 1070 1021 1452 1063; baseline -0.003 -8"><span class='ocrx_word' id='word_1_163' title='bbox 1070 1023 1196 1063; x_wconf 83' lang='lat' dir='ltr'><strong>Fruges</strong></span> <span class='ocrx_word' id='word_1_164' title='bbox 1224 1022 1306 1054; x_wconf 88' lang='lat' dir='ltr'><strong>dans</strong></span> <span class='ocrx_word' id='word_1_165' title='bbox 1334 1021 1452 1063; x_wconf 84' lang='lat' dir='ltr'><strong>egenti,</strong></span> 
     </span>
     <span class='ocr_line' id='line_1_66' title="bbox 1022 1071 1430 1112; baseline -0.007 -7"><span class='ocrx_word' id='word_1_166' title='bbox 1022 1072 1178 1105; x_wconf 81' lang='lat' dir='ltr'><strong>Fructum</strong></span> <span class='ocrx_word' id='word_1_167' title='bbox 1206 1071 1430 1112; x_wconf 83' lang='lat' dir='ltr'><strong>paenitentiae</strong></span> 
     </span>
     <span class='ocr_line' id='line_1_67' title="bbox 1069 1120 1385 1163; baseline -0.006 -9"><span class='ocrx_word' id='word_1_168' title='bbox 1069 1121 1123 1154; x_wconf 86' lang='lat' dir='ltr'><strong>Da</strong></span> <span class='ocrx_word' id='word_1_169' title='bbox 1147 1120 1227 1152; x_wconf 91' lang='lat' dir='ltr'><strong>mihi</strong></span> <span class='ocrx_word' id='word_1_170' title='bbox 1247 1120 1385 1163; x_wconf 86' lang='lat' dir='ltr'><strong>petenti,</strong></span> 
     </span>
     <span class='ocr_line' id='line_1_68' title="bbox 1021 1168 1414 1203; baseline -0.003 -1"><span class='ocrx_word' id='word_1_171' title='bbox 1021 1170 1168 1203; x_wconf 86' lang='lat' dir='ltr'><strong>Tandem</strong></span> <span class='ocrx_word' id='word_1_172' title='bbox 1196 1168 1414 1201; x_wconf 88' lang='lat' dir='ltr'><strong>eucharistiae</strong></span> 
     </span>
     <span class='ocr_line' id='line_1_69' title="bbox 1073 1216 1430 1252; baseline -0.003 0"><span class='ocrx_word' id='word_1_173' title='bbox 1073 1220 1194 1252; x_wconf 89' lang='lat' dir='ltr'><strong>Panem</strong></span> <span class='ocrx_word' id='word_1_174' title='bbox 1220 1216 1430 1251; x_wconf 86' lang='lat' dir='ltr'><strong>sacramenti.</strong></span> 
     </span>
    </p>
   </div>
   <div class='ocr_carea' id='block_1_16' title="bbox 1024 1296 1482 1680">
    <p class='ocr_par' dir='ltr' id='par_1_33' title="bbox 1024 1296 1482 1680">
     <span class='ocr_line' id='line_1_70' title="bbox 1027 1296 1421 1339; baseline -0.005 -9"><span class='ocrx_word' id='word_1_175' title='bbox 1027 1298 1109 1339; x_wconf 91' lang='lat' dir='ltr'><strong>Ave,</strong></span> <span class='ocrx_word' id='word_1_176' title='bbox 1137 1296 1248 1329; x_wconf 89' lang='lat' dir='ltr'><strong>mundi</strong></span> <span class='ocrx_word' id='word_1_177' title='bbox 1279 1296 1421 1335; x_wconf 76' lang='lat' dir='ltr'><strong>domina,</strong></span> 
     </span>
     <span class='ocr_line' id='line_1_71' title="bbox 1075 1345 1425 1379; baseline -0.006 0"><span class='ocrx_word' id='word_1_178' title='bbox 1075 1346 1175 1379; x_wconf 87' lang='lat' dir='ltr'><strong>Cuius</strong></span> <span class='ocrx_word' id='word_1_179' title='bbox 1202 1345 1243 1378; x_wconf 89' lang='lat' dir='ltr'><strong>ob</strong></span> <span class='ocrx_word' id='word_1_180' title='bbox 1270 1345 1425 1378; x_wconf 89' lang='lat' dir='ltr'><strong>honorem</strong></span> 
     </span>
     <span class='ocr_line' id='line_1_72' title="bbox 1025 1394 1376 1429; baseline -0.006 -1"><span class='ocrx_word' id='word_1_181' title='bbox 1025 1397 1095 1429; x_wconf 89' lang='lat' dir='ltr'><strong>Ista</strong></span> <span class='ocrx_word' id='word_1_182' title='bbox 1121 1404 1201 1427; x_wconf 90' lang='lat' dir='ltr'><strong>cano</strong></span> <span class='ocrx_word' id='word_1_183' title='bbox 1228 1394 1376 1427; x_wconf 86' lang='lat' dir='ltr'><strong>carmina</strong></span> 
     </span>
     <span class='ocr_line' id='line_1_73' title="bbox 1072 1444 1482 1485; baseline -0.002 -9"><span class='ocrx_word' id='word_1_184' title='bbox 1072 1444 1211 1476; x_wconf 86' lang='lat' dir='ltr'><strong>Dulcem</strong></span> <span class='ocrx_word' id='word_1_185' title='bbox 1238 1453 1298 1485; x_wconf 88' lang='lat' dir='ltr'><strong>per</strong></span> <span class='ocrx_word' id='word_1_186' title='bbox 1324 1446 1482 1484; x_wconf 88' lang='lat' dir='ltr'><strong>tenorem,</strong></span> 
     </span>
     <span class='ocr_line' id='line_1_74' title="bbox 1024 1493 1384 1526; baseline -0.003 -1"><span class='ocrx_word' id='word_1_187' title='bbox 1024 1493 1173 1526; x_wconf 88' lang='lat' dir='ltr'><strong>Meorum</strong></span> <span class='ocrx_word' id='word_1_188' title='bbox 1202 1495 1384 1525; x_wconf 82' lang='lat' dir='ltr'><strong>extermina</strong></span> 
     </span>
     <span class='ocr_line' id='line_1_75' title="bbox 1077 1542 1434 1582; baseline -0.006 -7"><span class='ocrx_word' id='word_1_189' title='bbox 1077 1542 1256 1576; x_wconf 90' lang='lat' dir='ltr'><strong>Criminum</strong></span> <span class='ocrx_word' id='word_1_190' title='bbox 1283 1544 1434 1582; x_wconf 87' lang='lat' dir='ltr'><strong>putorem</strong></span> 
     </span>
     <span class='ocr_line' id='line_1_76' title="bbox 1024 1590 1376 1632; baseline -0.006 -8"><span class='ocrx_word' id='word_1_191' title='bbox 1024 1591 1160 1632; x_wconf 87' lang='lat' dir='ltr'><strong>Deoque</strong></span> <span class='ocrx_word' id='word_1_192' title='bbox 1186 1590 1376 1632; x_wconf 85' lang='lat' dir='ltr'><strong>conglutina</strong></span> 
     </span>
     <span class='ocr_line' id='line_1_77' title="bbox 1077 1640 1465 1680; baseline 0.003 -8"><span class='ocrx_word' id='word_1_193' title='bbox 1077 1640 1196 1672; x_wconf 87' lang='lat' dir='ltr'><strong>Verum</strong></span> <span class='ocrx_word' id='word_1_194' title='bbox 1222 1649 1283 1680; x_wconf 91' lang='lat' dir='ltr'><strong>per</strong></span> <span class='ocrx_word' id='word_1_195' title='bbox 1309 1648 1465 1673; x_wconf 89' lang='lat' dir='ltr'><strong>amorem.</strong></span> 
     </span>
    </p>
   </div>
   <div class='ocr_carea' id='block_1_17' title="bbox 1026 1717 1497 2097">
    <p class='ocr_par' dir='ltr' id='par_1_34' title="bbox 1026 1717 1497 2097">
     <span class='ocr_line' id='line_1_78' title="bbox 1026 1717 1343 1761; baseline -0.003 -10"><span class='ocrx_word' id='word_1_196' title='bbox 1026 1719 1109 1761; x_wconf 86' lang='lat' dir='ltr'><strong>Ave,</strong></span> <span class='ocrx_word' id='word_1_197' title='bbox 1137 1728 1155 1751; x_wconf 93' lang='lat' dir='ltr'>o</span> <span class='ocrx_word' id='word_1_198' title='bbox 1182 1717 1343 1759; x_wconf 80' lang='lat' dir='ltr'><strong>frugifera</strong></span> 
     </span>
     <span class='ocr_line' id='line_1_79' title="bbox 1079 1766 1459 1800; baseline -0.003 0"><span class='ocrx_word' id='word_1_199' title='bbox 1079 1767 1182 1800; x_wconf 88' lang='lat' dir='ltr'><strong>Vinea</strong></span> <span class='ocrx_word' id='word_1_200' title='bbox 1209 1768 1290 1800; x_wconf 88' lang='lat' dir='ltr'><strong>dans</strong></span> <span class='ocrx_word' id='word_1_201' title='bbox 1317 1766 1459 1800; x_wconf 83' lang='lat' dir='ltr'><strong>fructum</strong></span> 
     </span>
     <span class='ocr_line' id='line_1_80' title="bbox 1028 1817 1444 1857; baseline 0 -8"><span class='ocrx_word' id='word_1_202' title='bbox 1028 1817 1205 1850; x_wconf 84' lang='lat' dir='ltr'><strong>Sanantem</strong></span> <span class='ocrx_word' id='word_1_203' title='bbox 1231 1826 1292 1857; x_wconf 91' lang='lat' dir='ltr'><strong>per</strong></span> <span class='ocrx_word' id='word_1_204' title='bbox 1317 1817 1444 1849; x_wconf 86' lang='lat' dir='ltr'><strong>scelera</strong></span> 
     </span>
     <span class='ocr_line' id='line_1_81' title="bbox 1079 1866 1497 1907; baseline 0 -9"><span class='ocrx_word' id='word_1_205' title='bbox 1079 1866 1253 1898; x_wconf 90' lang='lat' dir='ltr'><strong>Hominem</strong></span> <span class='ocrx_word' id='word_1_206' title='bbox 1282 1866 1497 1907; x_wconf 88' lang='lat' dir='ltr'><strong>destructum,</strong></span> 
     </span>
     <span class='ocr_line' id='line_1_82' title="bbox 1032 1915 1446 1956; baseline -0.002 -8"><span class='ocrx_word' id='word_1_207' title='bbox 1032 1915 1222 1949; x_wconf 78' lang='lat' dir='ltr'><strong>Clementer</strong></span> <span class='ocrx_word' id='word_1_208' title='bbox 1247 1924 1300 1947; x_wconf 88' lang='lat' dir='ltr'><strong>me</strong></span> <span class='ocrx_word' id='word_1_209' title='bbox 1325 1924 1446 1956; x_wconf 86' lang='lat' dir='ltr'><strong>repara</strong></span> 
     </span>
     <span class='ocr_line' id='line_1_83' title="bbox 1079 1965 1463 2008; baseline -0.003 -11"><span class='ocrx_word' id='word_1_210' title='bbox 1079 1965 1132 1997; x_wconf 89' lang='lat' dir='ltr'><strong>Ab</strong></span> <span class='ocrx_word' id='word_1_211' title='bbox 1158 1965 1254 1998; x_wconf 87' lang='lat' dir='ltr'><strong>hoste</strong></span> <span class='ocrx_word' id='word_1_212' title='bbox 1280 1965 1463 2008; x_wconf 81' lang='lat' dir='ltr'><strong>seductum,</strong></span> 
     </span>
     <span class='ocr_line' id='line_1_84' title="bbox 1030 2014 1425 2047; baseline 0 -1"><span class='ocrx_word' id='word_1_213' title='bbox 1030 2014 1194 2046; x_wconf 86' lang='lat' dir='ltr'><strong>Tribuens</strong></span> <span class='ocrx_word' id='word_1_214' title='bbox 1220 2015 1263 2047; x_wconf 86' lang='lat' dir='ltr'><strong>ad</strong></span> <span class='ocrx_word' id='word_1_215' title='bbox 1289 2014 1425 2047; x_wconf 90' lang='lat' dir='ltr'><strong>aethera</strong></span> 
     </span>
     <span class='ocr_line' id='line_1_85' title="bbox 1078 2063 1470 2097; baseline 0.003 -2"><span class='ocrx_word' id='word_1_216' title='bbox 1078 2063 1234 2096; x_wconf 90' lang='lat' dir='ltr'><strong>Liberum</strong></span> <span class='ocrx_word' id='word_1_217' title='bbox 1263 2063 1470 2097; x_wconf 88' lang='lat' dir='ltr'><strong>conductum.</strong></span> 
     </span>
    </p>
   </div>
   <div class='ocr_carea' id='block_1_18' title="bbox 1028 2141 1489 2520">
    <p class='ocr_par' dir='ltr' id='par_1_35' title="bbox 1028 2141 1489 2520">
     <span class='ocr_line' id='line_1_86' title="bbox 1028 2141 1389 2185; baseline -0.008 -8"><span class='ocrx_word' id='word_1_218' title='bbox 1028 2142 1111 2180; x_wconf 86' lang='lat' dir='ltr'><strong>Ave,</strong></span> <span class='ocrx_word' id='word_1_219' title='bbox 1140 2141 1243 2174; x_wconf 89' lang='lat' dir='ltr'><strong>nubes</strong></span> <span class='ocrx_word' id='word_1_220' title='bbox 1268 2142 1389 2185; x_wconf 89' lang='lat' dir='ltr'><strong>lucida,</strong></span> 
     </span>
     <span class='ocr_line' id='line_1_87' title="bbox 1077 2191 1480 2232; baseline 0.002 -9"><span class='ocrx_word' id='word_1_221' title='bbox 1077 2191 1204 2223; x_wconf 85' lang='lat' dir='ltr'><strong>Ferens</strong></span> <span class='ocrx_word' id='word_1_222' title='bbox 1231 2191 1264 2222; x_wconf 90' lang='lat' dir='ltr'><strong>in</strong></span> <span class='ocrx_word' id='word_1_223' title='bbox 1292 2192 1480 2232; x_wconf 83' lang='lat' dir='ltr'><strong>Aegyptum</strong></span> 
     </span>
     <span class='ocr_line' id='line_1_88' title="bbox 1030 2239 1428 2280; baseline 0.005 -9"><span class='ocrx_word' id='word_1_224' title='bbox 1030 2239 1130 2272; x_wconf 89' lang='lat' dir='ltr'><strong>Velut</strong></span> <span class='ocrx_word' id='word_1_225' title='bbox 1153 2242 1260 2272; x_wconf 88' lang='lat' dir='ltr'><strong>mater</strong></span> <span class='ocrx_word' id='word_1_226' title='bbox 1285 2240 1428 2280; x_wconf 86' lang='lat' dir='ltr'><strong>provida</strong></span> 
     </span>
     <span class='ocr_line' id='line_1_89' title="bbox 1081 2288 1489 2331; baseline 0.002 -10"><span class='ocrx_word' id='word_1_227' title='bbox 1081 2289 1240 2321; x_wconf 86' lang='lat' dir='ltr'><strong>Fructum</strong></span> <span class='ocrx_word' id='word_1_228' title='bbox 1266 2288 1489 2331; x_wconf 86' lang='lat' dir='ltr'><strong>benedictum,</strong></span> 
     </span>
     <span class='ocr_line' id='line_1_90' title="bbox 1031 2337 1356 2370; baseline 0.003 -1"><span class='ocrx_word' id='word_1_229' title='bbox 1031 2337 1136 2369; x_wconf 87' lang='lat' dir='ltr'><strong>Prece</strong></span> <span class='ocrx_word' id='word_1_230' title='bbox 1161 2339 1220 2370; x_wconf 90' lang='lat' dir='ltr'><strong>tua</strong></span> <span class='ocrx_word' id='word_1_231' title='bbox 1242 2337 1356 2370; x_wconf 85' lang='lat' dir='ltr'><strong>valida</strong></span> 
     </span>
     <span class='ocr_line' id='line_1_91' title="bbox 1079 2385 1468 2430; baseline 0.008 -12"><span class='ocrx_word' id='word_1_232' title='bbox 1079 2385 1199 2419; x_wconf 82' lang='lat' dir='ltr'><strong>Redde</strong></span> <span class='ocrx_word' id='word_1_233' title='bbox 1221 2396 1274 2419; x_wconf 89' lang='lat' dir='ltr'><strong>me</strong></span> <span class='ocrx_word' id='word_1_234' title='bbox 1298 2386 1468 2430; x_wconf 87' lang='lat' dir='ltr'><strong>invictum,</strong></span> 
     </span>
     <span class='ocr_line' id='line_1_92' title="bbox 1033 2434 1428 2478; baseline 0.018 -14"><span class='ocrx_word' id='word_1_235' title='bbox 1033 2435 1080 2468; x_wconf 91' lang='lat' dir='ltr'><strong>Ut</strong></span> <span class='ocrx_word' id='word_1_236' title='bbox 1104 2434 1233 2467; x_wconf 81' lang='lat' dir='ltr'><strong>vincam</strong></span> <span class='ocrx_word' id='word_1_237' title='bbox 1259 2436 1428 2478; x_wconf 83' lang='lat' dir='ltr'><strong>intrepida</strong></span> 
     </span>
     <span class='ocr_line' id='line_1_93' title="bbox 1082 2483 1443 2520; baseline 0.008 -4"><span class='ocrx_word' id='word_1_238' title='bbox 1082 2483 1195 2516; x_wconf 86' lang='lat' dir='ltr'><strong>Mente</strong></span> <span class='ocrx_word' id='word_1_239' title='bbox 1220 2486 1443 2520; x_wconf 85' lang='lat' dir='ltr'><strong>maledictum.</strong></span> 
     </span>
    </p>
   </div>
  </div>
 </body>
</html>
