<?xml version="1.0" encoding="UTF-8"?>
<!DOCTYPE html PUBLIC "-//W3C//DTD XHTML 1.0 Transitional//EN"
    "http://www.w3.org/TR/xhtml1/DTD/xhtml1-transitional.dtd">
<html xmlns="http://www.w3.org/1999/xhtml" xml:lang="en" lang="en">
 <head>
  <title>
</title>
<meta http-equiv="Content-Type" content="text/html;charset=utf-8" />
  <meta name='ocr-system' content='tesseract 3.04.00' />
  <meta name='ocr-capabilities' content='ocr_page ocr_carea ocr_par ocr_line ocrx_word'/>
</head>
<body>
  <div class='ocr_page' id='page_1' title='image "./analectahymnica38drevuoft_00244.png"; bbox 0 0 1651 2671; ppageno 0'>
   <div class='ocr_carea' id='block_1_1' title="bbox 184 198 241 233">
    <p class='ocr_par' dir='ltr' id='par_1_1' title="bbox 184 198 241 233">
     <span class='ocr_line' id='line_1_1' title="bbox 184 198 241 233; baseline 0.053 -4"><span class='ocrx_word' id='word_1_1' title='bbox 184 198 241 233; x_wconf 78' lang='lat'><strong>25.</strong></span> 
     </span>
    </p>
   </div>
   <div class='ocr_carea' id='block_1_2' title="bbox 182 528 238 561">
    <p class='ocr_par' dir='ltr' id='par_1_2' title="bbox 182 528 238 561">
     <span class='ocr_line' id='line_1_2' title="bbox 182 528 238 561; baseline -0.018 0"><span class='ocrx_word' id='word_1_2' title='bbox 182 528 238 561; x_wconf 83' lang='lat'><strong>26.</strong></span> 
     </span>
    </p>
   </div>
   <div class='ocr_carea' id='block_1_3' title="bbox 173 1252 230 1285">
    <p class='ocr_par' dir='ltr' id='par_1_3' title="bbox 173 1252 230 1285">
     <span class='ocr_line' id='line_1_3' title="bbox 173 1252 230 1285; baseline 0 0"><span class='ocrx_word' id='word_1_3' title='bbox 173 1252 230 1285; x_wconf 86' lang='lat'><strong>31.</strong></span> 
     </span>
    </p>
   </div>
   <div class='ocr_carea' id='block_1_4' title="bbox 168 1577 226 1611">
    <p class='ocr_par' dir='ltr' id='par_1_4' title="bbox 168 1577 226 1611">
     <span class='ocr_line' id='line_1_4' title="bbox 168 1577 226 1611; baseline 0.034 -2"><span class='ocrx_word' id='word_1_4' title='bbox 168 1577 226 1611; x_wconf 83' lang='lat'><strong>32.</strong></span> 
     </span>
    </p>
   </div>
   <div class='ocr_carea' id='block_1_5' title="bbox 164 1905 221 1937">
    <p class='ocr_par' dir='ltr' id='par_1_5' title="bbox 164 1905 221 1937">
     <span class='ocr_line' id='line_1_5' title="bbox 164 1905 221 1937; baseline -0.035 0"><span class='ocrx_word' id='word_1_5' title='bbox 164 1905 221 1937; x_wconf 74' lang='lat'><strong>⁴30.</strong></span> 
     </span>
    </p>
   </div>
   <div class='ocr_carea' id='block_1_6' title="bbox 161 2221 218 2255">
    <p class='ocr_par' dir='ltr' id='par_1_6' title="bbox 161 2221 218 2255">
     <span class='ocr_line' id='line_1_6' title="bbox 161 2221 218 2255; baseline -0.018 0"><span class='ocrx_word' id='word_1_6' title='bbox 161 2221 218 2255; x_wconf 86' lang='lat'><strong>34.</strong></span> 
     </span>
    </p>
   </div>
   <div class='ocr_carea' id='block_1_7' title="bbox 272 197 732 290">
    <p class='ocr_par' dir='ltr' id='par_1_7' title="bbox 272 197 732 290">
     <span class='ocr_line' id='line_1_7' title="bbox 272 197 732 242; baseline 0.007 -11"><span class='ocrx_word' id='word_1_7' title='bbox 272 197 362 242; x_wconf 77' lang='lat' dir='ltr'><strong>Vale,</strong></span> <span class='ocrx_word' id='word_1_8' title='bbox 391 207 518 240; x_wconf 82' lang='lat' dir='ltr'><strong>gemma</strong></span> <span class='ocrx_word' id='word_1_9' title='bbox 545 201 732 241; x_wconf 79' lang='lat' dir='ltr'><strong>praepolita</strong></span> 
     </span>
     <span class='ocr_line' id='line_1_8' title="bbox 318 247 640 290; baseline 0.009 -11"><span class='ocrx_word' id='word_1_10' title='bbox 318 247 460 280; x_wconf 77' lang='lat' dir='ltr'><strong>Deitatis</strong></span> <span class='ocrx_word' id='word_1_11' title='bbox 486 249 640 290; x_wconf 85' lang='lat' dir='ltr'><strong>unguine,</strong></span> 
     </span>
    </p>
   </div>
   <div class='ocr_carea' id='block_1_8' title="bbox 813 102 879 139">
    <p class='ocr_par' dir='ltr' id='par_1_8' title="bbox 813 102 879 139">
     <span class='ocr_line' id='line_1_9' title="bbox 813 102 879 139; baseline 0.03 -2"><span class='ocrx_word' id='word_1_12' title='bbox 813 102 879 139; x_wconf 69' lang='lat'><strong>241</strong></span> 
     </span>
    </p>
   </div>
   <div class='ocr_carea' id='block_1_9' title="bbox 268 296 819 337">
    <p class='ocr_par' dir='ltr' id='par_1_9' title="bbox 268 296 819 337">
     <span class='ocr_line' id='line_1_10' title="bbox 268 296 819 337; baseline 0.004 -7"><span class='ocrx_word' id='word_1_13' title='bbox 268 296 334 330; x_wconf 88' lang='lat' dir='ltr'><strong>Per</strong></span> <span class='ocrx_word' id='word_1_14' title='bbox 358 305 454 337; x_wconf 87' lang='lat' dir='ltr'><strong>quam</strong></span> <span class='ocrx_word' id='word_1_15' title='bbox 480 298 602 331; x_wconf 88' lang='lat' dir='ltr'><strong>mundo</strong></span> <span class='ocrx_word' id='word_1_16' title='bbox 629 297 726 332; x_wconf 80' lang='lat' dir='ltr'><strong>fluxit</strong></span> <span class='ocrx_word' id='word_1_17' title='bbox 750 300 819 332; x_wconf 84' lang='lat' dir='ltr'><strong>vita</strong></span> 
     </span>
    </p>
   </div>
   <div class='ocr_carea' id='block_1_10' title="bbox 271 346 725 479">
    <p class='ocr_par' dir='ltr' id='par_1_10' title="bbox 271 346 725 479">
     <span class='ocr_line' id='line_1_11' title="bbox 320 346 716 389; baseline 0.005 -10"><span class='ocrx_word' id='word_1_18' title='bbox 320 346 456 379; x_wconf 87' lang='lat' dir='ltr'><strong>Perdito</strong></span> <span class='ocrx_word' id='word_1_19' title='bbox 482 356 544 387; x_wconf 85' lang='lat' dir='ltr'><strong>pro</strong></span> <span class='ocrx_word' id='word_1_20' title='bbox 572 347 716 389; x_wconf 87' lang='lat' dir='ltr'><strong>crimine,</strong></span> 
     </span>
     <span class='ocr_line' id='line_1_12' title="bbox 271 394 674 429; baseline 0.005 -2"><span class='ocrx_word' id='word_1_21' title='bbox 271 394 383 428; x_wconf 81' lang='lat' dir='ltr'><strong>Servis</strong></span> <span class='ocrx_word' id='word_1_22' title='bbox 410 394 474 427; x_wconf 86' lang='lat' dir='ltr'><strong>tuis</strong></span> <span class='ocrx_word' id='word_1_23' title='bbox 502 396 584 429; x_wconf 84' lang='lat' dir='ltr'><strong>assis</strong></span> <span class='ocrx_word' id='word_1_24' title='bbox 610 396 674 429; x_wconf 86' lang='lat' dir='ltr'><strong>cita</strong></span> 
     </span>
     <span class='ocr_line' id='line_1_13' title="bbox 317 443 725 479; baseline 0.007 -4"><span class='ocrx_word' id='word_1_25' title='bbox 317 443 437 476; x_wconf 84' lang='lat' dir='ltr'><strong>Mortis</strong></span> <span class='ocrx_word' id='word_1_26' title='bbox 463 444 497 478; x_wconf 90' lang='lat' dir='ltr'><strong>in</strong></span> <span class='ocrx_word' id='word_1_27' title='bbox 526 445 725 479; x_wconf 81' lang='lat' dir='ltr'><strong>discrimine.</strong></span> 
     </span>
    </p>
   </div>
   <div class='ocr_carea' id='block_1_11' title="bbox 267 527 733 815">
    <p class='ocr_par' dir='ltr' id='par_1_11' title="bbox 270 527 733 621">
     <span class='ocr_line' id='line_1_14' title="bbox 270 527 733 570; baseline 0.004 -10"><span class='ocrx_word' id='word_1_28' title='bbox 270 527 361 570; x_wconf 84' lang='lat' dir='ltr'><strong>Vale,</strong></span> <span class='ocrx_word' id='word_1_29' title='bbox 389 528 535 561; x_wconf 89' lang='lat' dir='ltr'><strong>moribus</strong></span> <span class='ocrx_word' id='word_1_30' title='bbox 560 529 733 570; x_wconf 83' lang='lat' dir='ltr'><strong>praeclara</strong></span> 
     </span>
     <span class='ocr_line' id='line_1_15' title="bbox 316 577 679 621; baseline -0.003 -11"><span class='ocrx_word' id='word_1_31' title='bbox 316 577 429 610; x_wconf 86' lang='lat' dir='ltr'><strong>Mater</strong></span> <span class='ocrx_word' id='word_1_32' title='bbox 455 578 679 621; x_wconf 83' lang='lat' dir='ltr'><strong>castimoniae,</strong></span> 
     </span>
    </p>

    <p class='ocr_par' dir='ltr' id='par_1_12' title="bbox 267 625 731 721">
     <span class='ocr_line' id='line_1_16' title="bbox 267 625 602 660; baseline 0.003 -1"><span class='ocrx_word' id='word_1_33' title='bbox 267 625 305 659; x_wconf 86' lang='lat' dir='ltr'><strong>In</strong></span> <span class='ocrx_word' id='word_1_34' title='bbox 334 627 516 660; x_wconf 85' lang='lat' dir='ltr'><strong>divinitatis</strong></span> <span class='ocrx_word' id='word_1_35' title='bbox 545 637 602 660; x_wconf 85' lang='lat' dir='ltr'><strong>ara</strong></span> 
     </span>
     <span class='ocr_line' id='line_1_17' title="bbox 318 675 731 721; baseline 0.002 -13"><span class='ocrx_word' id='word_1_36' title='bbox 318 676 491 709; x_wconf 86' lang='lat' dir='ltr'><strong>Balsamus</strong></span> <span class='ocrx_word' id='word_1_37' title='bbox 518 675 731 721; x_wconf 79' lang='lat' dir='ltr'><strong>fragrantiae,</strong></span> 
     </span>
    </p>

    <p class='ocr_par' dir='ltr' id='par_1_13' title="bbox 267 724 727 815">
     <span class='ocr_line' id='line_1_18' title="bbox 267 724 727 766; baseline 0.002 -8"><span class='ocrx_word' id='word_1_38' title='bbox 267 724 304 758; x_wconf 84' lang='lat' dir='ltr'><strong>In</strong></span> <span class='ocrx_word' id='word_1_39' title='bbox 333 725 485 766; x_wconf 85' lang='lat' dir='ltr'><strong>supernis</strong></span> <span class='ocrx_word' id='word_1_40' title='bbox 512 725 616 758; x_wconf 82' lang='lat' dir='ltr'><strong>servis</strong></span> <span class='ocrx_word' id='word_1_41' title='bbox 643 734 727 765; x_wconf 85' lang='lat' dir='ltr'><strong>para</strong></span> 
     </span>
     <span class='ocr_line' id='line_1_19' title="bbox 315 774 688 815; baseline 0.005 -8"><span class='ocrx_word' id='word_1_42' title='bbox 315 774 394 807; x_wconf 90' lang='lat' dir='ltr'><strong>Tuis</strong></span> <span class='ocrx_word' id='word_1_43' title='bbox 420 775 528 807; x_wconf 89' lang='lat' dir='ltr'><strong>locum</strong></span> <span class='ocrx_word' id='word_1_44' title='bbox 554 774 688 815; x_wconf 85' lang='lat' dir='ltr'><strong>gloriae.</strong></span> 
     </span>
    </p>
   </div>
   <div class='ocr_carea' id='block_1_12' title="bbox 227 858 751 900">
    <p class='ocr_par' dir='ltr' id='par_1_14' title="bbox 227 858 751 900">
     <span class='ocr_line' id='line_1_20' title="bbox 227 858 751 900; baseline 0 -9"><span class='ocrx_word' id='word_1_45' title='bbox 227 882 233 890; x_wconf 91' lang='lat'>.</span> <span class='ocrx_word' id='word_1_46' title='bbox 265 858 355 899; x_wconf 83' lang='lat' dir='ltr'><strong>Vale,</strong></span> <span class='ocrx_word' id='word_1_47' title='bbox 385 860 502 899; x_wconf 83' lang='lat' dir='ltr'><strong>mater,</strong></span> <span class='ocrx_word' id='word_1_48' title='bbox 531 858 622 898; x_wconf 87' lang='lat' dir='ltr'><strong>virgo</strong></span> <span class='ocrx_word' id='word_1_49' title='bbox 651 861 751 900; x_wconf 84' lang='lat' dir='ltr'><strong>casta,</strong></span> 
     </span>
    </p>
   </div>
   <div class='ocr_carea' id='block_1_13' title="bbox 262 907 730 1143">
    <p class='ocr_par' dir='ltr' id='par_1_15' title="bbox 262 907 730 1143">
     <span class='ocr_line' id='line_1_21' title="bbox 314 907 669 949; baseline -0.006 -9"><span class='ocrx_word' id='word_1_50' title='bbox 314 907 466 940; x_wconf 81' lang='lat' dir='ltr'><strong>Rutilans</strong></span> <span class='ocrx_word' id='word_1_51' title='bbox 491 909 525 940; x_wconf 86' lang='lat' dir='ltr'><strong>in</strong></span> <span class='ocrx_word' id='word_1_52' title='bbox 553 907 669 949; x_wconf 86' lang='lat' dir='ltr'><strong>gloria,</strong></span> 
     </span>
     <span class='ocr_line' id='line_1_22' title="bbox 262 956 730 996; baseline -0.004 -5"><span class='ocrx_word' id='word_1_53' title='bbox 262 956 359 991; x_wconf 83' lang='lat' dir='ltr'><strong>Omni</strong></span> <span class='ocrx_word' id='word_1_54' title='bbox 387 964 459 988; x_wconf 90' lang='lat' dir='ltr'><strong>cum</strong></span> <span class='ocrx_word' id='word_1_55' title='bbox 484 956 607 989; x_wconf 82' lang='lat' dir='ltr'><strong>virtute</strong></span> <span class='ocrx_word' id='word_1_56' title='bbox 633 959 730 996; x_wconf 83' lang='lat' dir='ltr'><strong>pasta</strong></span> 
     </span>
     <span class='ocr_line' id='line_1_23' title="bbox 309 1005 681 1047; baseline 0 -9"><span class='ocrx_word' id='word_1_57' title='bbox 309 1005 382 1038; x_wconf 89' lang='lat' dir='ltr'><strong>Abs</strong></span> <span class='ocrx_word' id='word_1_58' title='bbox 408 1005 537 1045; x_wconf 87' lang='lat' dir='ltr'><strong>peccati</strong></span> <span class='ocrx_word' id='word_1_59' title='bbox 563 1005 681 1047; x_wconf 85' lang='lat' dir='ltr'><strong>scoria,</strong></span> 
     </span>
     <span class='ocr_line' id='line_1_24' title="bbox 262 1054 690 1088; baseline -0.005 0"><span class='ocrx_word' id='word_1_60' title='bbox 262 1054 397 1088; x_wconf 78' lang='lat' dir='ltr'><strong>Cunctis</strong></span> <span class='ocrx_word' id='word_1_61' title='bbox 425 1054 591 1087; x_wconf 84' lang='lat' dir='ltr'><strong>tribulatis</strong></span> <span class='ocrx_word' id='word_1_62' title='bbox 617 1057 690 1087; x_wconf 84' lang='lat' dir='ltr'><strong>asta</strong></span> 
     </span>
     <span class='ocr_line' id='line_1_25' title="bbox 309 1103 677 1143; baseline 0 -7"><span class='ocrx_word' id='word_1_63' title='bbox 309 1103 381 1136; x_wconf 85' lang='lat' dir='ltr'><strong>Tua</strong></span> <span class='ocrx_word' id='word_1_64' title='bbox 406 1112 466 1143; x_wconf 88' lang='lat' dir='ltr'><strong>pro</strong></span> <span class='ocrx_word' id='word_1_65' title='bbox 495 1103 677 1137; x_wconf 88' lang='lat' dir='ltr'><strong>clementia.</strong></span> 
     </span>
    </p>
   </div>
   <div class='ocr_carea' id='block_1_14' title="bbox 258 1251 762 1532">
    <p class='ocr_par' dir='ltr' id='par_1_16' title="bbox 258 1251 762 1345">
     <span class='ocr_line' id='line_1_26' title="bbox 258 1251 757 1294; baseline 0 -10"><span class='ocrx_word' id='word_1_66' title='bbox 258 1251 397 1294; x_wconf 78' lang='lat' dir='ltr'>Plaude,</span> <span class='ocrx_word' id='word_1_67' title='bbox 427 1252 518 1284; x_wconf 88' lang='lat' dir='ltr'><strong>cuius</strong></span> <span class='ocrx_word' id='word_1_68' title='bbox 546 1255 596 1284; x_wconf 87' lang='lat' dir='ltr'><strong>est</strong></span> <span class='ocrx_word' id='word_1_69' title='bbox 622 1251 757 1285; x_wconf 84' lang='lat' dir='ltr'><strong>effusum</strong></span> 
     </span>
     <span class='ocr_line' id='line_1_27' title="bbox 309 1301 762 1345; baseline 0.004 -13"><span class='ocrx_word' id='word_1_70' title='bbox 309 1301 436 1333; x_wconf 85' lang='lat' dir='ltr'><strong>Nomen</strong></span> <span class='ocrx_word' id='word_1_71' title='bbox 465 1310 574 1333; x_wconf 86' lang='lat' dir='ltr'><strong>coram</strong></span> <span class='ocrx_word' id='word_1_72' title='bbox 601 1301 762 1345; x_wconf 81' lang='lat' dir='ltr'><strong>gentibus,</strong></span> 
     </span>
    </p>

    <p class='ocr_par' dir='ltr' id='par_1_17' title="bbox 259 1349 729 1444">
     <span class='ocr_line' id='line_1_28' title="bbox 259 1349 729 1392; baseline 0.002 -9"><span class='ocrx_word' id='word_1_73' title='bbox 259 1349 533 1392; x_wconf 82' lang='lat' dir='ltr'><strong>Medicamenque</strong></span> <span class='ocrx_word' id='word_1_74' title='bbox 561 1352 729 1384; x_wconf 87' lang='lat' dir='ltr'><strong>contusum</strong></span> 
     </span>
     <span class='ocr_line' id='line_1_29' title="bbox 305 1398 689 1444; baseline 0 -12"><span class='ocrx_word' id='word_1_75' title='bbox 305 1398 410 1432; x_wconf 85' lang='lat' dir='ltr'><strong>Nobis</strong></span> <span class='ocrx_word' id='word_1_76' title='bbox 436 1398 689 1444; x_wconf 85' lang='lat' dir='ltr'><strong>infirmantibus,</strong></span> 
     </span>
    </p>

    <p class='ocr_par' dir='ltr' id='par_1_18' title="bbox 258 1448 762 1532">
     <span class='ocr_line' id='line_1_30' title="bbox 258 1448 762 1489; baseline -0.002 -7"><span class='ocrx_word' id='word_1_77' title='bbox 258 1448 442 1482; x_wconf 83' lang='lat' dir='ltr'><strong>Gradiendi</strong></span> <span class='ocrx_word' id='word_1_78' title='bbox 470 1451 642 1489; x_wconf 83' lang='lat' dir='ltr'><strong>praestans</strong></span> <span class='ocrx_word' id='word_1_79' title='bbox 668 1458 762 1481; x_wconf 87' lang='lat' dir='ltr'><strong>usum</strong></span> 
     </span>
     <span class='ocr_line' id='line_1_31' title="bbox 302 1497 716 1532; baseline 0.002 -2"><span class='ocrx_word' id='word_1_80' title='bbox 302 1497 416 1530; x_wconf 83' lang='lat' dir='ltr'><strong>Mente</strong></span> <span class='ocrx_word' id='word_1_81' title='bbox 443 1497 716 1532; x_wconf 79' lang='lat' dir='ltr'><strong>claudicantibus,</strong></span> 
     </span>
    </p>
   </div>
   <div class='ocr_carea' id='block_1_15' title="bbox 248 1576 798 1857">
    <p class='ocr_par' dir='ltr' id='par_1_19' title="bbox 256 1576 751 1670">
     <span class='ocr_line' id='line_1_32' title="bbox 256 1576 751 1617; baseline 0 -7"><span class='ocrx_word' id='word_1_82' title='bbox 256 1577 394 1617; x_wconf 80' lang='lat' dir='ltr'>Plaude,</span> <span class='ocrx_word' id='word_1_83' title='bbox 423 1578 558 1610; x_wconf 83' lang='lat' dir='ltr'><strong>madens</strong></span> <span class='ocrx_word' id='word_1_84' title='bbox 586 1576 751 1611; x_wconf 79' lang='lat' dir='ltr'><strong>Gedeonis</strong></span> 
     </span>
     <span class='ocr_line' id='line_1_33' title="bbox 301 1626 726 1670; baseline 0.005 -12"><span class='ocrx_word' id='word_1_85' title='bbox 301 1626 378 1664; x_wconf 89' lang='lat' dir='ltr'>Ros,</span> <span class='ocrx_word' id='word_1_86' title='bbox 406 1626 532 1666; x_wconf 87' lang='lat' dir='ltr'><strong>signum</strong></span> <span class='ocrx_word' id='word_1_87' title='bbox 559 1627 726 1670; x_wconf 87' lang='lat' dir='ltr'><strong>victoriae,</strong></span> 
     </span>
    </p>

    <p class='ocr_par' dir='ltr' id='par_1_20' title="bbox 251 1675 652 1768">
     <span class='ocr_line' id='line_1_34' title="bbox 251 1675 627 1708; baseline 0 0"><span class='ocrx_word' id='word_1_88' title='bbox 251 1675 386 1708; x_wconf 89' lang='lat' dir='ltr'><strong>Pondus</strong></span> <span class='ocrx_word' id='word_1_89' title='bbox 415 1675 627 1708; x_wconf 80' lang='lat' dir='ltr'><strong>desolationis</strong></span> 
     </span>
     <span class='ocr_line' id='line_1_35' title="bbox 297 1723 652 1768; baseline 0 -11"><span class='ocrx_word' id='word_1_90' title='bbox 297 1723 406 1757; x_wconf 77' lang='lat' dir='ltr'><strong>Aufer</strong></span> <span class='ocrx_word' id='word_1_91' title='bbox 432 1726 465 1756; x_wconf 86' lang='lat' dir='ltr'><strong>et</strong></span> <span class='ocrx_word' id='word_1_92' title='bbox 489 1725 652 1768; x_wconf 77' lang='lat' dir='ltr'><strong>miseriae,</strong></span> 
     </span>
    </p>

    <p class='ocr_par' dir='ltr' id='par_1_21' title="bbox 248 1774 798 1857">
     <span class='ocr_line' id='line_1_36' title="bbox 248 1774 798 1815; baseline 0.004 -9"><span class='ocrx_word' id='word_1_93' title='bbox 248 1774 316 1815; x_wconf 73' lang='lat' dir='ltr'><strong>Quo</strong></span> <span class='ocrx_word' id='word_1_94' title='bbox 343 1777 538 1815; x_wconf 86' lang='lat' dir='ltr'><strong>premuntur</strong></span> <span class='ocrx_word' id='word_1_95' title='bbox 563 1775 596 1807; x_wconf 90' lang='lat' dir='ltr'><strong>vi</strong></span> <span class='ocrx_word' id='word_1_96' title='bbox 620 1776 798 1815; x_wconf 88' lang='lat' dir='ltr'><strong>praedonis</strong></span> 
     </span>
     <span class='ocr_line' id='line_1_37' title="bbox 297 1823 572 1857; baseline 0.004 -2"><span class='ocrx_word' id='word_1_97' title='bbox 297 1823 375 1857; x_wconf 84' lang='lat' dir='ltr'><strong>Filii</strong></span> <span class='ocrx_word' id='word_1_98' title='bbox 403 1823 572 1857; x_wconf 87' lang='lat' dir='ltr'><strong>ecclesiae.</strong></span> 
     </span>
    </p>
   </div>
   <div class='ocr_carea' id='block_1_16' title="bbox 246 1902 785 2194">
    <p class='ocr_par' dir='ltr' id='par_1_22' title="bbox 250 1902 785 1998">
     <span class='ocr_line' id='line_1_38' title="bbox 250 1902 785 1947; baseline 0.006 -12"><span class='ocrx_word' id='word_1_99' title='bbox 250 1902 388 1944; x_wconf 81' lang='lat' dir='ltr'><strong>Plaude,</strong></span> <span class='ocrx_word' id='word_1_100' title='bbox 416 1904 531 1937; x_wconf 87' lang='lat' dir='ltr'><strong>mundi</strong></span> <span class='ocrx_word' id='word_1_101' title='bbox 558 1903 785 1947; x_wconf 83' lang='lat' dir='ltr'><strong>naufragantis</strong></span> 
     </span>
     <span class='ocr_line' id='line_1_39' title="bbox 295 1952 664 1998; baseline 0 -13"><span class='ocrx_word' id='word_1_102' title='bbox 295 1952 418 1985; x_wconf 89' lang='lat' dir='ltr'><strong>Portus</strong></span> <span class='ocrx_word' id='word_1_103' title='bbox 444 1953 664 1998; x_wconf 82' lang='lat' dir='ltr'><strong>securissime,</strong></span> 
     </span>
    </p>

    <p class='ocr_par' dir='ltr' id='par_1_23' title="bbox 246 2001 740 2095">
     <span class='ocr_line' id='line_1_40' title="bbox 246 2001 740 2043; baseline 0.002 -8"><span class='ocrx_word' id='word_1_104' title='bbox 246 2002 300 2036; x_wconf 90' lang='lat' dir='ltr'><strong>Ad</strong></span> <span class='ocrx_word' id='word_1_105' title='bbox 329 2011 424 2043; x_wconf 85' lang='lat' dir='ltr'><strong>quem</strong></span> <span class='ocrx_word' id='word_1_106' title='bbox 452 2004 526 2036; x_wconf 87' lang='lat' dir='ltr'><strong>vela</strong></span> <span class='ocrx_word' id='word_1_107' title='bbox 552 2001 740 2037; x_wconf 82' lang='lat' dir='ltr'><strong>fluctuantis</strong></span> 
     </span>
     <span class='ocr_line' id='line_1_41' title="bbox 295 2052 704 2095; baseline 0.002 -10"><span class='ocrx_word' id='word_1_108' title='bbox 295 2052 541 2093; x_wconf 85' lang='lat' dir='ltr'><strong>Expanduntur</strong></span> <span class='ocrx_word' id='word_1_109' title='bbox 567 2053 704 2095; x_wconf 85' lang='lat' dir='ltr'><strong>animae,</strong></span> 
     </span>
    </p>

    <p class='ocr_par' dir='ltr' id='par_1_24' title="bbox 249 2102 727 2194">
     <span class='ocr_line' id='line_1_42' title="bbox 249 2102 635 2143; baseline 0 -8"><span class='ocrx_word' id='word_1_110' title='bbox 249 2102 381 2135; x_wconf 86' lang='lat' dir='ltr'><strong>Inimici</strong></span> <span class='ocrx_word' id='word_1_111' title='bbox 405 2102 635 2143; x_wconf 84' lang='lat' dir='ltr'><strong>perturbantis</strong></span> 
     </span>
     <span class='ocr_line' id='line_1_43' title="bbox 294 2151 727 2194; baseline 0.002 -9"><span class='ocrx_word' id='word_1_112' title='bbox 294 2151 364 2185; x_wconf 89' lang='lat' dir='ltr'><strong>Nos</strong></span> <span class='ocrx_word' id='word_1_113' title='bbox 390 2152 546 2186; x_wconf 85' lang='lat' dir='ltr'><strong>virtutem</strong></span> <span class='ocrx_word' id='word_1_114' title='bbox 572 2153 727 2194; x_wconf 85' lang='lat' dir='ltr'><strong>reprime.</strong></span> 
     </span>
    </p>
   </div>
   <div class='ocr_carea' id='block_1_17' title="bbox 238 2221 778 2505">
    <p class='ocr_par' dir='ltr' id='par_1_25' title="bbox 248 2221 689 2317">
     <span class='ocr_line' id='line_1_44' title="bbox 248 2221 689 2266; baseline 0.002 -12"><span class='ocrx_word' id='word_1_115' title='bbox 248 2221 384 2265; x_wconf 81' lang='lat' dir='ltr'><strong>Plaude,</strong></span> <span class='ocrx_word' id='word_1_116' title='bbox 413 2221 516 2266; x_wconf 86' lang='lat' dir='ltr'><strong>virgo,</strong></span> <span class='ocrx_word' id='word_1_117' title='bbox 545 2222 689 2264; x_wconf 87' lang='lat' dir='ltr'><strong>gloriosa</strong></span> 
     </span>
     <span class='ocr_line' id='line_1_45' title="bbox 289 2272 676 2317; baseline 0 -12"><span class='ocrx_word' id='word_1_118' title='bbox 289 2272 413 2313; x_wconf 84' lang='lat' dir='ltr'><strong>Magna</strong></span> <span class='ocrx_word' id='word_1_119' title='bbox 441 2279 513 2305; x_wconf 90' lang='lat' dir='ltr'><strong>cum</strong></span> <span class='ocrx_word' id='word_1_120' title='bbox 539 2272 676 2317; x_wconf 84' lang='lat' dir='ltr'><strong>laetitia,</strong></span> 
     </span>
    </p>

    <p class='ocr_par' dir='ltr' id='par_1_26' title="bbox 240 2321 778 2416">
     <span class='ocr_line' id='line_1_46' title="bbox 240 2321 778 2364; baseline 0.006 -11"><span class='ocrx_word' id='word_1_121' title='bbox 240 2321 344 2363; x_wconf 72' lang='lat' dir='ltr'><strong>Quam</strong></span> <span class='ocrx_word' id='word_1_122' title='bbox 370 2321 516 2355; x_wconf 85' lang='lat' dir='ltr'><strong>incunda</strong></span> <span class='ocrx_word' id='word_1_123' title='bbox 542 2321 651 2355; x_wconf 84' lang='lat' dir='ltr'><strong>laudis</strong></span> <span class='ocrx_word' id='word_1_124' title='bbox 677 2331 778 2364; x_wconf 88' lang='lat' dir='ltr'><strong>prosa</strong></span> 
     </span>
     <span class='ocr_line' id='line_1_47' title="bbox 288 2371 596 2416; baseline 0 -12"><span class='ocrx_word' id='word_1_125' title='bbox 288 2371 419 2404; x_wconf 80' lang='lat' dir='ltr'><strong>Salutat</strong></span> <span class='ocrx_word' id='word_1_126' title='bbox 445 2372 596 2416; x_wconf 86' lang='lat' dir='ltr'><strong>eeclesia,</strong></span> 
     </span>
    </p>

    <p class='ocr_par' dir='ltr' id='par_1_27' title="bbox 238 2418 670 2505">
     <span class='ocr_line' id='line_1_48' title="bbox 238 2418 670 2463; baseline 0.012 -11"><span class='ocrx_word' id='word_1_127' title='bbox 238 2418 341 2455; x_wconf 86' lang='lat' dir='ltr'><strong>Luxit</strong></span> <span class='ocrx_word' id='word_1_128' title='bbox 367 2430 465 2463; x_wconf 85' lang='lat' dir='ltr'><strong>quam</strong></span> <span class='ocrx_word' id='word_1_129' title='bbox 491 2421 670 2457; x_wconf 82' lang='lat' dir='ltr'><strong>victoriosa</strong></span> 
     </span>
     <span class='ocr_line' id='line_1_49' title="bbox 286 2469 596 2505; baseline 0.003 -2"><span class='ocrx_word' id='word_1_130' title='bbox 286 2469 366 2503; x_wconf 82' lang='lat' dir='ltr'><strong>Nati</strong></span> <span class='ocrx_word' id='word_1_131' title='bbox 394 2471 463 2504; x_wconf 88' lang='lat' dir='ltr'><strong>dies</strong></span> <span class='ocrx_word' id='word_1_132' title='bbox 487 2471 596 2505; x_wconf 84' lang='lat' dir='ltr'><strong>tertia.</strong></span> 
     </span>
    </p>
   </div>
   <div class='ocr_carea' id='block_1_18' title="bbox 197 2530 696 2558">
    <p class='ocr_par' dir='ltr' id='par_1_28' title="bbox 197 2530 696 2558">
     <span class='ocr_line' id='line_1_50' title="bbox 197 2530 696 2558; baseline 0.008 -4"><span class='ocrx_word' id='word_1_133' title='bbox 197 2530 217 2554; x_wconf 87' lang='lat' dir='ltr'>D</span> <span class='ocrx_word' id='word_1_134' title='bbox 227 2537 257 2554; x_wconf 83' lang='lat' dir='ltr'><strong>re</strong></span> <span class='ocrx_word' id='word_1_135' title='bbox 264 2538 298 2555; x_wconf 79' lang='lat' dir='ltr'><strong>ve</strong></span> <span class='ocrx_word' id='word_1_136' title='bbox 307 2538 319 2554; x_wconf 83' lang='lat' dir='ltr'><strong>s</strong></span> <span class='ocrx_word' id='word_1_137' title='bbox 327 2549 333 2557; x_wconf 77' lang='grc'>,</span> <span class='ocrx_word' id='word_1_138' title='bbox 351 2531 476 2555; x_wconf 66' lang='lat' dir='ltr'><strong>Psaltoria</strong></span> <span class='ocrx_word' id='word_1_139' title='bbox 493 2533 696 2558; x_wconf 62' lang='lat' dir='ltr'><strong>wessofontana.</strong></span> 
     </span>
    </p>
   </div>
   <div class='ocr_carea' id='block_1_19' title="bbox 805 1192 871 1226">
    <p class='ocr_par' dir='ltr' id='par_1_29' title="bbox 805 1192 871 1226">
     <span class='ocr_line' id='line_1_51' title="bbox 805 1192 871 1226; baseline 0 -1"><span class='ocrx_word' id='word_1_140' title='bbox 805 1192 871 1226; x_wconf 78' lang='lat' dir='ltr'><strong>1V:</strong></span> 
     </span>
    </p>
   </div>
   <div class='ocr_carea' id='block_1_20' title="bbox 893 203 948 237">
    <p class='ocr_par' dir='ltr' id='par_1_30' title="bbox 893 203 948 237">
     <span class='ocr_line' id='line_1_52' title="bbox 893 203 948 237; baseline 0 -1"><span class='ocrx_word' id='word_1_141' title='bbox 893 203 948 237; x_wconf 79' lang='lat'><strong>28.</strong></span> 
     </span>
    </p>
   </div>
   <div class='ocr_carea' id='block_1_21' title="bbox 891 533 948 565">
    <p class='ocr_par' dir='ltr' id='par_1_31' title="bbox 891 533 948 565">
     <span class='ocr_line' id='line_1_53' title="bbox 891 533 948 565; baseline 0.035 -2"><span class='ocrx_word' id='word_1_142' title='bbox 891 533 948 565; x_wconf 70' lang='lat'><strong>29.</strong></span> 
     </span>
    </p>
   </div>
   <div class='ocr_carea' id='block_1_22' title="bbox 889 860 944 893">
    <p class='ocr_par' dir='ltr' id='par_1_32' title="bbox 889 860 944 893">
     <span class='ocr_line' id='line_1_54' title="bbox 889 860 944 893; baseline 0 0"><span class='ocrx_word' id='word_1_143' title='bbox 889 860 944 893; x_wconf 86' lang='lat'><strong>30.</strong></span> 
     </span>
    </p>
   </div>
   <div class='ocr_carea' id='block_1_23' title="bbox 883 1253 940 1286">
    <p class='ocr_par' dir='ltr' id='par_1_33' title="bbox 883 1253 940 1286">
     <span class='ocr_line' id='line_1_55' title="bbox 883 1253 940 1286; baseline 0 0"><span class='ocrx_word' id='word_1_144' title='bbox 883 1253 940 1286; x_wconf 83' lang='lat'><strong>35.</strong></span> 
     </span>
    </p>
   </div>
   <div class='ocr_carea' id='block_1_24' title="bbox 876 1576 933 1609">
    <p class='ocr_par' dir='ltr' id='par_1_34' title="bbox 876 1576 933 1609">
     <span class='ocr_line' id='line_1_56' title="bbox 876 1576 933 1609; baseline 0 0"><span class='ocrx_word' id='word_1_145' title='bbox 876 1576 933 1609; x_wconf 84' lang='lat'><strong>36.</strong></span> 
     </span>
    </p>
   </div>
   <div class='ocr_carea' id='block_1_25' title="bbox 872 1903 928 1936">
    <p class='ocr_par' dir='ltr' id='par_1_35' title="bbox 872 1903 928 1936">
     <span class='ocr_line' id='line_1_57' title="bbox 872 1903 928 1936; baseline -0.018 0"><span class='ocrx_word' id='word_1_146' title='bbox 872 1903 928 1936; x_wconf 82' lang='lat'><strong>37.</strong></span> 
     </span>
    </p>
   </div>
   <div class='ocr_carea' id='block_1_26' title="bbox 868 2229 926 2262">
    <p class='ocr_par' dir='ltr' id='par_1_36' title="bbox 868 2229 926 2262">
     <span class='ocr_line' id='line_1_58' title="bbox 868 2229 926 2262; baseline -0.017 0"><span class='ocrx_word' id='word_1_147' title='bbox 868 2229 926 2262; x_wconf 84' lang='lat'><strong>38.</strong></span> 
     </span>
    </p>
   </div>
   <div class='ocr_carea' id='block_1_27' title="bbox 975 203 1418 491">
    <p class='ocr_par' dir='ltr' id='par_1_37' title="bbox 978 203 1418 293">
     <span class='ocr_line' id='line_1_59' title="bbox 978 203 1418 247; baseline 0 -11"><span class='ocrx_word' id='word_1_148' title='bbox 978 203 1070 247; x_wconf 84' lang='lat' dir='ltr'><strong>Vale,</strong></span> <span class='ocrx_word' id='word_1_149' title='bbox 1098 204 1260 246; x_wconf 86' lang='lat' dir='ltr'><strong>virginum</strong></span> <span class='ocrx_word' id='word_1_150' title='bbox 1288 205 1418 246; x_wconf 85' lang='lat' dir='ltr'><strong>decora,</strong></span> 
     </span>
     <span class='ocr_line' id='line_1_60' title="bbox 1025 252 1416 293; baseline 0 -8"><span class='ocrx_word' id='word_1_151' title='bbox 1025 252 1210 293; x_wconf 86' lang='lat' dir='ltr'><strong>Splendore</strong></span> <span class='ocrx_word' id='word_1_152' title='bbox 1235 253 1416 286; x_wconf 83' lang='lat' dir='ltr'><strong>munditiae</strong></span> 
     </span>
    </p>

    <p class='ocr_par' dir='ltr' id='par_1_38' title="bbox 975 301 1399 394">
     <span class='ocr_line' id='line_1_61' title="bbox 975 301 1399 342; baseline 0.002 -9"><span class='ocrx_word' id='word_1_153' title='bbox 975 301 1127 335; x_wconf 81' lang='lat' dir='ltr'><strong>Rutilans</strong></span> <span class='ocrx_word' id='word_1_154' title='bbox 1154 302 1245 335; x_wconf 89' lang='lat' dir='ltr'><strong>velut</strong></span> <span class='ocrx_word' id='word_1_155' title='bbox 1270 311 1399 342; x_wconf 83' lang='lat' dir='ltr'><strong>aurora,</strong></span> 
     </span>
     <span class='ocr_line' id='line_1_62' title="bbox 1023 350 1375 394; baseline -0.003 -10"><span class='ocrx_word' id='word_1_156' title='bbox 1023 350 1195 392; x_wconf 76' lang='lat' dir='ltr'><strong>Exemplis</strong></span> <span class='ocrx_word' id='word_1_157' title='bbox 1221 351 1375 394; x_wconf 86' lang='lat' dir='ltr'><strong>iustitiae,</strong></span> 
     </span>
    </p>

    <p class='ocr_par' dir='ltr' id='par_1_39' title="bbox 977 398 1415 491">
     <span class='ocr_line' id='line_1_63' title="bbox 977 398 1415 434; baseline -0.002 -2"><span class='ocrx_word' id='word_1_158' title='bbox 977 398 1084 433; x_wconf 87' lang='lat' dir='ltr'><strong>Corda</strong></span> <span class='ocrx_word' id='word_1_159' title='bbox 1110 410 1279 434; x_wconf 83' lang='lat' dir='ltr'><strong>servorum</strong></span> <span class='ocrx_word' id='word_1_160' title='bbox 1306 401 1415 432; x_wconf 88' lang='lat' dir='ltr'><strong>irrora</strong></span> 
     </span>
     <span class='ocr_line' id='line_1_64' title="bbox 1022 448 1344 491; baseline 0.006 -10"><span class='ocrx_word' id='word_1_161' title='bbox 1022 448 1129 482; x_wconf 81' lang='lat' dir='ltr'><strong>Fonte</strong></span> <span class='ocrx_word' id='word_1_162' title='bbox 1153 449 1344 491; x_wconf 84' lang='lat' dir='ltr'><strong>sapientiae.</strong></span> 
     </span>
    </p>
   </div>
   <div class='ocr_carea' id='block_1_28' title="bbox 974 530 1517 813">
    <p class='ocr_par' dir='ltr' id='par_1_40' title="bbox 979 530 1492 623">
     <span class='ocr_line' id='line_1_65' title="bbox 979 530 1382 575; baseline 0.007 -13"><span class='ocrx_word' id='word_1_163' title='bbox 979 530 1069 575; x_wconf 85' lang='lat' dir='ltr'><strong>Vale,</strong></span> <span class='ocrx_word' id='word_1_164' title='bbox 1098 533 1194 564; x_wconf 79' lang='lat' dir='ltr'><strong>stella</strong></span> <span class='ocrx_word' id='word_1_165' title='bbox 1221 533 1382 566; x_wconf 85' lang='lat' dir='ltr'><strong>matutina</strong></span> 
     </span>
     <span class='ocr_line' id='line_1_66' title="bbox 1022 580 1492 623; baseline 0.004 -10"><span class='ocrx_word' id='word_1_166' title='bbox 1022 580 1201 622; x_wconf 62' lang='lat' dir='ltr'><strong>Rofulgens</strong></span> <span class='ocrx_word' id='word_1_167' title='bbox 1227 590 1308 621; x_wconf 82' lang='lat' dir='ltr'><strong>prae</strong></span> <span class='ocrx_word' id='word_1_168' title='bbox 1333 581 1492 623; x_wconf 78' lang='lat' dir='ltr'><strong>omnibus,</strong></span> 
     </span>
    </p>

    <p class='ocr_par' dir='ltr' id='par_1_41' title="bbox 974 628 1517 721">
     <span class='ocr_line' id='line_1_67' title="bbox 974 628 1512 671; baseline 0.004 -10"><span class='ocrx_word' id='word_1_169' title='bbox 974 628 1084 663; x_wconf 76' lang='lat' dir='ltr'><strong>Radix</strong></span> <span class='ocrx_word' id='word_1_170' title='bbox 1111 629 1230 671; x_wconf 78' lang='lat' dir='ltr'><strong>David,</strong></span> <span class='ocrx_word' id='word_1_171' title='bbox 1260 631 1362 671; x_wconf 87' lang='lat' dir='ltr'><strong>stirps</strong></span> <span class='ocrx_word' id='word_1_172' title='bbox 1390 630 1512 670; x_wconf 85' lang='lat' dir='ltr'><strong>divina,</strong></span> 
     </span>
     <span class='ocr_line' id='line_1_68' title="bbox 1023 678 1517 721; baseline 0.004 -11"><span class='ocrx_word' id='word_1_173' title='bbox 1023 678 1180 712; x_wconf 82' lang='lat' dir='ltr'><strong>Fructum</strong></span> <span class='ocrx_word' id='word_1_174' title='bbox 1200 679 1281 712; x_wconf 85' lang='lat' dir='ltr'><strong>dans</strong></span> <span class='ocrx_word' id='word_1_175' title='bbox 1297 679 1517 721; x_wconf 82' lang='lat' dir='ltr'><strong>credentibus,</strong></span> 
     </span>
    </p>

    <p class='ocr_par' dir='ltr' id='par_1_42' title="bbox 975 726 1453 813">
     <span class='ocr_line' id='line_1_69' title="bbox 975 726 1406 769; baseline 0.002 -10"><span class='ocrx_word' id='word_1_176' title='bbox 975 726 1037 763; x_wconf 81' lang='lat' dir='ltr'><strong>Da,</strong></span> <span class='ocrx_word' id='word_1_177' title='bbox 1063 737 1104 760; x_wconf 87' lang='lat' dir='ltr'><strong>ne</strong></span> <span class='ocrx_word' id='word_1_178' title='bbox 1130 729 1246 760; x_wconf 84' lang='lat' dir='ltr'><strong>noceat</strong></span> <span class='ocrx_word' id='word_1_179' title='bbox 1272 728 1406 769; x_wconf 86' lang='lat' dir='ltr'><strong>vulpina</strong></span> 
     </span>
     <span class='ocr_line' id='line_1_70' title="bbox 1023 776 1453 813; baseline 0.002 -5"><span class='ocrx_word' id='word_1_180' title='bbox 1023 776 1128 809; x_wconf 83' lang='lat' dir='ltr'><strong>Fraus</strong></span> <span class='ocrx_word' id='word_1_181' title='bbox 1155 780 1187 808; x_wconf 86' lang='lat' dir='ltr'><strong>te</strong></span> <span class='ocrx_word' id='word_1_182' title='bbox 1213 777 1453 813; x_wconf 82' lang='lat' dir='ltr'><strong>venerantibus,</strong></span> 
     </span>
    </p>
   </div>
   <div class='ocr_carea' id='block_1_29' title="bbox 968 858 1440 1147">
    <p class='ocr_par' dir='ltr' id='par_1_43' title="bbox 976 858 1400 950">
     <span class='ocr_line' id='line_1_71' title="bbox 976 858 1330 902; baseline 0.008 -12"><span class='ocrx_word' id='word_1_183' title='bbox 976 858 1063 902; x_wconf 85' lang='lat' dir='ltr'><strong>Vale,</strong></span> <span class='ocrx_word' id='word_1_184' title='bbox 1092 859 1169 891; x_wconf 89' lang='lat' dir='ltr'><strong>vitis</strong></span> <span class='ocrx_word' id='word_1_185' title='bbox 1196 860 1330 899; x_wconf 83' lang='lat' dir='ltr'><strong>copiosa</strong></span> 
     </span>
     <span class='ocr_line' id='line_1_72' title="bbox 1023 907 1400 950; baseline 0.005 -11"><span class='ocrx_word' id='word_1_186' title='bbox 1023 907 1107 940; x_wconf 84' lang='lat' dir='ltr'><strong>Vina</strong></span> <span class='ocrx_word' id='word_1_187' title='bbox 1134 909 1213 941; x_wconf 80' lang='lat' dir='ltr'><strong>dans</strong></span> <span class='ocrx_word' id='word_1_188' title='bbox 1244 909 1400 950; x_wconf 84' lang='lat' dir='ltr'><strong>laetitiae,</strong></span> 
     </span>
    </p>

    <p class='ocr_par' dir='ltr' id='par_1_44' title="bbox 973 957 1440 1049">
     <span class='ocr_line' id='line_1_73' title="bbox 973 957 1440 998; baseline 0.004 -10"><span class='ocrx_word' id='word_1_189' title='bbox 973 957 1069 997; x_wconf 84' lang='lat' dir='ltr'><strong>Virgo</strong></span> <span class='ocrx_word' id='word_1_190' title='bbox 1097 957 1201 989; x_wconf 86' lang='lat' dir='ltr'><strong>dulcis</strong></span> <span class='ocrx_word' id='word_1_191' title='bbox 1229 962 1262 990; x_wconf 87' lang='lat' dir='ltr'><strong>et</strong></span> <span class='ocrx_word' id='word_1_192' title='bbox 1287 957 1440 998; x_wconf 84' lang='lat' dir='ltr'><strong>formosa,</strong></span> 
     </span>
     <span class='ocr_line' id='line_1_74' title="bbox 1019 1005 1358 1049; baseline 0.003 -11"><span class='ocrx_word' id='word_1_193' title='bbox 1019 1005 1142 1039; x_wconf 78' lang='lat' dir='ltr'><strong>Norma</strong></span> <span class='ocrx_word' id='word_1_194' title='bbox 1167 1006 1358 1049; x_wconf 86' lang='lat' dir='ltr'><strong>pudicitiae,</strong></span> 
     </span>
    </p>

    <p class='ocr_par' dir='ltr' id='par_1_45' title="bbox 968 1054 1418 1147">
     <span class='ocr_line' id='line_1_75' title="bbox 968 1054 1418 1089; baseline 0 -1"><span class='ocrx_word' id='word_1_195' title='bbox 968 1054 1078 1088; x_wconf 80' lang='lat' dir='ltr'><strong>Corda</strong></span> <span class='ocrx_word' id='word_1_196' title='bbox 1103 1058 1216 1088; x_wconf 73' lang='lat' dir='ltr'><strong>nostra</strong></span> <span class='ocrx_word' id='word_1_197' title='bbox 1241 1056 1418 1089; x_wconf 87' lang='lat' dir='ltr'><strong>tenebrosa</strong></span> 
     </span>
     <span class='ocr_line' id='line_1_76' title="bbox 1016 1102 1410 1147; baseline 0.008 -11"><span class='ocrx_word' id='word_1_198' title='bbox 1016 1102 1138 1137; x_wconf 83' lang='lat' dir='ltr'><strong>Lustra</strong></span> <span class='ocrx_word' id='word_1_199' title='bbox 1164 1105 1247 1137; x_wconf 88' lang='lat' dir='ltr'><strong>dono</strong></span> <span class='ocrx_word' id='word_1_200' title='bbox 1274 1105 1410 1147; x_wconf 84' lang='lat' dir='ltr'><strong>gratiae.</strong></span> 
     </span>
    </p>
   </div>
   <div class='ocr_carea' id='block_1_30' title="bbox 963 1251 1462 1538">
    <p class='ocr_par' dir='ltr' id='par_1_46' title="bbox 969 1251 1462 1344">
     <span class='ocr_line' id='line_1_77' title="bbox 969 1251 1462 1295; baseline 0.004 -12"><span class='ocrx_word' id='word_1_201' title='bbox 969 1251 1103 1295; x_wconf 88' lang='lat' dir='ltr'><strong>Plaude,</strong></span> <span class='ocrx_word' id='word_1_202' title='bbox 1132 1254 1237 1284; x_wconf 83' lang='lat' dir='ltr'><strong>mater</strong></span> <span class='ocrx_word' id='word_1_203' title='bbox 1261 1252 1462 1294; x_wconf 86' lang='lat' dir='ltr'><strong>resurgentis</strong></span> 
     </span>
     <span class='ocr_line' id='line_1_78' title="bbox 1015 1300 1330 1344; baseline 0.003 -11"><span class='ocrx_word' id='word_1_204' title='bbox 1015 1300 1080 1334; x_wconf 87' lang='lat' dir='ltr'><strong>Sua</strong></span> <span class='ocrx_word' id='word_1_205' title='bbox 1107 1310 1146 1333; x_wconf 82' lang='lat' dir='ltr'><strong>ex</strong></span> <span class='ocrx_word' id='word_1_206' title='bbox 1171 1302 1330 1344; x_wconf 86' lang='lat' dir='ltr'><strong>potentia,</strong></span> 
     </span>
    </p>

    <p class='ocr_par' dir='ltr' id='par_1_47' title="bbox 965 1349 1462 1444">
     <span class='ocr_line' id='line_1_79' title="bbox 965 1349 1462 1391; baseline 0 -8"><span class='ocrx_word' id='word_1_207' title='bbox 965 1349 1064 1383; x_wconf 80' lang='lat' dir='ltr'><strong>Cuius</strong></span> <span class='ocrx_word' id='word_1_208' title='bbox 1091 1352 1196 1383; x_wconf 85' lang='lat' dir='ltr'><strong>morte</strong></span> <span class='ocrx_word' id='word_1_209' title='bbox 1224 1353 1274 1383; x_wconf 81' lang='lat' dir='ltr'><strong>est</strong></span> <span class='ocrx_word' id='word_1_210' title='bbox 1299 1350 1462 1391; x_wconf 86' lang='lat' dir='ltr'><strong>serpentis</strong></span> 
     </span>
     <span class='ocr_line' id='line_1_80' title="bbox 1013 1398 1316 1444; baseline 0.007 -14"><span class='ocrx_word' id='word_1_211' title='bbox 1013 1398 1136 1431; x_wconf 87' lang='lat' dir='ltr'><strong>Delusa</strong></span> <span class='ocrx_word' id='word_1_212' title='bbox 1162 1400 1316 1444; x_wconf 62' lang='lat' dir='ltr'><strong>versutia,</strong></span> 
     </span>
    </p>

    <p class='ocr_par' dir='ltr' id='par_1_48' title="bbox 963 1446 1456 1538">
     <span class='ocr_line' id='line_1_81' title="bbox 963 1446 1456 1489; baseline 0.004 -10"><span class='ocrx_word' id='word_1_213' title='bbox 963 1447 1012 1480; x_wconf 91' lang='lat' dir='ltr'><strong>Tu</strong></span> <span class='ocrx_word' id='word_1_214' title='bbox 1039 1446 1194 1481; x_wconf 79' lang='lat' dir='ltr'><strong>fermenti</strong></span> <span class='ocrx_word' id='word_1_215' title='bbox 1216 1448 1456 1489; x_wconf 86' lang='lat' dir='ltr'><strong>corrumpentis</strong></span> 
     </span>
     <span class='ocr_line' id='line_1_82' title="bbox 1010 1496 1352 1538; baseline 0.003 -9"><span class='ocrx_word' id='word_1_216' title='bbox 1010 1496 1116 1529; x_wconf 81' lang='lat' dir='ltr'><strong>Prece</strong></span> <span class='ocrx_word' id='word_1_217' title='bbox 1140 1496 1218 1538; x_wconf 86' lang='lat' dir='ltr'><strong>fuga</strong></span> <span class='ocrx_word' id='word_1_218' title='bbox 1244 1498 1352 1531; x_wconf 83' lang='lat' dir='ltr'><strong>noxia.</strong></span> 
     </span>
    </p>
   </div>
   <div class='ocr_carea' id='block_1_31' title="bbox 957 1576 1505 1863">
    <p class='ocr_par' dir='ltr' id='par_1_49' title="bbox 961 1576 1485 1719">
     <span class='ocr_line' id='line_1_83' title="bbox 962 1576 1466 1617; baseline 0.004 -10"><span class='ocrx_word' id='word_1_219' title='bbox 962 1576 1096 1617; x_wconf 87' lang='lat' dir='ltr'><strong>Plaude,</strong></span> <span class='ocrx_word' id='word_1_220' title='bbox 1125 1579 1231 1608; x_wconf 82' lang='lat' dir='ltr'><strong>mator</strong></span> <span class='ocrx_word' id='word_1_221' title='bbox 1257 1576 1466 1610; x_wconf 77' lang='lat' dir='ltr'><strong>ascendentis</strong></span> 
     </span>
     <span class='ocr_line' id='line_1_84' title="bbox 1011 1624 1425 1670; baseline 0 -12"><span class='ocrx_word' id='word_1_222' title='bbox 1011 1624 1126 1658; x_wconf 84' lang='lat' dir='ltr'><strong>Caelos</strong></span> <span class='ocrx_word' id='word_1_223' title='bbox 1154 1634 1193 1658; x_wconf 86' lang='lat' dir='ltr'><strong>ex</strong></span> <span class='ocrx_word' id='word_1_224' title='bbox 1218 1625 1251 1658; x_wconf 86' lang='lat' dir='ltr'><strong>vi</strong></span> <span class='ocrx_word' id='word_1_225' title='bbox 1278 1625 1425 1670; x_wconf 86' lang='lat' dir='ltr'><strong>propria,</strong></span> 
     </span>
     <span class='ocr_line' id='line_1_85' title="bbox 961 1671 1485 1719; baseline 0.002 -12"><span class='ocrx_word' id='word_1_226' title='bbox 961 1673 1076 1707; x_wconf 85' lang='lat' dir='ltr'><strong>Secum</strong></span> <span class='ocrx_word' id='word_1_227' title='bbox 1106 1671 1265 1719; x_wconf 86' lang='lat' dir='ltr'><strong>[quo]que</strong></span> <span class='ocrx_word' id='word_1_228' title='bbox 1294 1675 1485 1708; x_wconf 85' lang='lat' dir='ltr'><strong>deducentis</strong></span> 
     </span>
    </p>

    <p class='ocr_par' dir='ltr' id='par_1_50' title="bbox 957 1723 1505 1863">
     <span class='ocr_line' id='line_1_86' title="bbox 1007 1723 1363 1766; baseline 0.003 -10"><span class='ocrx_word' id='word_1_229' title='bbox 1007 1723 1196 1757; x_wconf 84' lang='lat' dir='ltr'><strong>Electorum</strong></span> <span class='ocrx_word' id='word_1_230' title='bbox 1223 1724 1363 1766; x_wconf 81' lang='lat' dir='ltr'><strong>agmina,</strong></span> 
     </span>
     <span class='ocr_line' id='line_1_87' title="bbox 957 1772 1505 1815; baseline 0.005 -11"><span class='ocrx_word' id='word_1_231' title='bbox 957 1772 1027 1804; x_wconf 83' lang='lat' dir='ltr'><strong>Fac</strong></span> <span class='ocrx_word' id='word_1_232' title='bbox 1044 1782 1103 1806; x_wconf 88' lang='lat' dir='ltr'><strong>nos</strong></span> <span class='ocrx_word' id='word_1_233' title='bbox 1122 1773 1269 1806; x_wconf 83' lang='lat' dir='ltr'><strong>Paschae</strong></span> <span class='ocrx_word' id='word_1_234' title='bbox 1282 1775 1505 1815; x_wconf 86' lang='lat' dir='ltr'><strong>permanentis</strong></span> 
     </span>
     <span class='ocr_line' id='line_1_88' title="bbox 1008 1821 1322 1863; baseline 0.006 -8"><span class='ocrx_word' id='word_1_235' title='bbox 1008 1821 1166 1855; x_wconf 88' lang='lat' dir='ltr'><strong>Obtinere</strong></span> <span class='ocrx_word' id='word_1_236' title='bbox 1192 1823 1322 1863; x_wconf 84' lang='lat' dir='ltr'><strong>gaudia.</strong></span> 
     </span>
    </p>
   </div>
   <div class='ocr_carea' id='block_1_32' title="bbox 955 1901 1476 2185">
    <p class='ocr_par' dir='ltr' id='par_1_51' title="bbox 960 1901 1476 1994">
     <span class='ocr_line' id='line_1_89' title="bbox 960 1901 1476 1944; baseline 0.002 -10"><span class='ocrx_word' id='word_1_237' title='bbox 960 1901 1095 1944; x_wconf 85' lang='lat' dir='ltr'><strong>Plaude,</strong></span> <span class='ocrx_word' id='word_1_238' title='bbox 1124 1901 1227 1943; x_wconf 88' lang='lat' dir='ltr'><strong>virgo,</strong></span> <span class='ocrx_word' id='word_1_239' title='bbox 1251 1902 1372 1935; x_wconf 86' lang='lat' dir='ltr'><strong>rubens</strong></span> <span class='ocrx_word' id='word_1_240' title='bbox 1399 1911 1476 1936; x_wconf 88' lang='lat' dir='ltr'><strong>rosa</strong></span> 
     </span>
     <span class='ocr_line' id='line_1_90' title="bbox 1004 1950 1355 1994; baseline 0.006 -12"><span class='ocrx_word' id='word_1_241' title='bbox 1004 1950 1051 1983; x_wconf 86' lang='lat' dir='ltr'><strong>Et</strong></span> <span class='ocrx_word' id='word_1_242' title='bbox 1075 1951 1213 1992; x_wconf 86' lang='lat' dir='ltr'><strong>pudoris</strong></span> <span class='ocrx_word' id='word_1_243' title='bbox 1237 1951 1355 1994; x_wconf 90' lang='lat' dir='ltr'><strong>lilium,</strong></span> 
     </span>
    </p>

    <p class='ocr_par' dir='ltr' id='par_1_52' title="bbox 955 2000 1383 2093">
     <span class='ocr_line' id='line_1_91' title="bbox 955 2000 1383 2042; baseline 0 -8"><span class='ocrx_word' id='word_1_244' title='bbox 955 2001 1087 2034; x_wconf 85' lang='lat' dir='ltr'><strong>Intrans</strong></span> <span class='ocrx_word' id='word_1_245' title='bbox 1116 2000 1199 2033; x_wconf 88' lang='lat' dir='ltr'><strong>caeli</strong></span> <span class='ocrx_word' id='word_1_246' title='bbox 1224 2001 1383 2042; x_wconf 86' lang='lat' dir='ltr'><strong>gaudiosa</strong></span> 
     </span>
     <span class='ocr_line' id='line_1_92' title="bbox 1002 2049 1371 2093; baseline 0.003 -11"><span class='ocrx_word' id='word_1_247' title='bbox 1002 2049 1145 2083; x_wconf 85' lang='lat' dir='ltr'><strong>Inducta</strong></span> <span class='ocrx_word' id='word_1_248' title='bbox 1171 2058 1231 2091; x_wconf 84' lang='lat' dir='ltr'><strong>per</strong></span> <span class='ocrx_word' id='word_1_249' title='bbox 1256 2049 1371 2093; x_wconf 88' lang='lat' dir='ltr'><strong>filium,</strong></span> 
     </span>
    </p>

    <p class='ocr_par' dir='ltr' id='par_1_53' title="bbox 955 2098 1398 2185">
     <span class='ocr_line' id='line_1_93' title="bbox 955 2098 1398 2134; baseline 0.005 -3"><span class='ocrx_word' id='word_1_250' title='bbox 955 2099 994 2132; x_wconf 90' lang='lat' dir='ltr'><strong>In</strong></span> <span class='ocrx_word' id='word_1_251' title='bbox 1021 2098 1084 2132; x_wconf 83' lang='lat' dir='ltr'><strong>hac</strong></span> <span class='ocrx_word' id='word_1_252' title='bbox 1109 2100 1197 2132; x_wconf 81' lang='lat' dir='ltr'><strong>valle</strong></span> <span class='ocrx_word' id='word_1_253' title='bbox 1222 2099 1398 2134; x_wconf 84' lang='lat' dir='ltr'><strong>lacrimosa</strong></span> 
     </span>
     <span class='ocr_line' id='line_1_94' title="bbox 1003 2148 1382 2185; baseline 0.008 -4"><span class='ocrx_word' id='word_1_254' title='bbox 1003 2148 1108 2182; x_wconf 82' lang='lat' dir='ltr'><strong>Nobis</strong></span> <span class='ocrx_word' id='word_1_255' title='bbox 1135 2148 1186 2181; x_wconf 87' lang='lat' dir='ltr'><strong>fer</strong></span> <span class='ocrx_word' id='word_1_256' title='bbox 1214 2150 1382 2185; x_wconf 86' lang='lat' dir='ltr'><strong>auxilium.</strong></span> 
     </span>
    </p>
   </div>
   <div class='ocr_carea' id='block_1_33' title="bbox 952 2228 1498 2511">
    <p class='ocr_par' dir='ltr' id='par_1_54' title="bbox 956 2228 1488 2323">
     <span class='ocr_line' id='line_1_95' title="bbox 956 2228 1488 2272; baseline 0.002 -11"><span class='ocrx_word' id='word_1_257' title='bbox 956 2228 1092 2268; x_wconf 88' lang='lat' dir='ltr'><strong>Plaude,</strong></span> <span class='ocrx_word' id='word_1_258' title='bbox 1121 2230 1226 2261; x_wconf 85' lang='lat' dir='ltr'><strong>mater</strong></span> <span class='ocrx_word' id='word_1_259' title='bbox 1254 2229 1342 2270; x_wconf 89' lang='lat' dir='ltr'><strong>regis</strong></span> <span class='ocrx_word' id='word_1_260' title='bbox 1368 2230 1488 2272; x_wconf 83' lang='lat' dir='ltr'><strong>magni,</strong></span> 
     </span>
     <span class='ocr_line' id='line_1_96' title="bbox 1001 2277 1408 2323; baseline 0.002 -13"><span class='ocrx_word' id='word_1_261' title='bbox 1001 2277 1183 2320; x_wconf 82' lang='lat' dir='ltr'><strong>Regnantis</strong></span> <span class='ocrx_word' id='word_1_262' title='bbox 1210 2277 1244 2311; x_wconf 90' lang='lat' dir='ltr'><strong>in</strong></span> <span class='ocrx_word' id='word_1_263' title='bbox 1270 2278 1408 2323; x_wconf 88' lang='lat' dir='ltr'><strong>superis,</strong></span> 
     </span>
    </p>

    <p class='ocr_par' dir='ltr' id='par_1_55' title="bbox 954 2326 1428 2417">
     <span class='ocr_line' id='line_1_97' title="bbox 954 2326 1428 2370; baseline 0.004 -11"><span class='ocrx_word' id='word_1_264' title='bbox 954 2326 1049 2359; x_wconf 85' lang='lat' dir='ltr'><strong>Nunc</strong></span> <span class='ocrx_word' id='word_1_265' title='bbox 1074 2328 1108 2360; x_wconf 91' lang='lat' dir='ltr'><strong>in</strong></span> <span class='ocrx_word' id='word_1_266' title='bbox 1134 2336 1235 2369; x_wconf 85' lang='lat' dir='ltr'><strong>regno</strong></span> <span class='ocrx_word' id='word_1_267' title='bbox 1261 2328 1325 2361; x_wconf 90' lang='lat' dir='ltr'><strong>Dei</strong></span> <span class='ocrx_word' id='word_1_268' title='bbox 1352 2328 1428 2370; x_wconf 87' lang='lat' dir='ltr'><strong>agni</strong></span> 
     </span>
     <span class='ocr_line' id='line_1_98' title="bbox 1000 2377 1406 2417; baseline 0 -7"><span class='ocrx_word' id='word_1_269' title='bbox 1000 2377 1162 2411; x_wconf 81' lang='lat' dir='ltr'><strong>Residens</strong></span> <span class='ocrx_word' id='word_1_270' title='bbox 1189 2377 1221 2409; x_wconf 92' lang='lat' dir='ltr'><strong>in</strong></span> <span class='ocrx_word' id='word_1_271' title='bbox 1251 2378 1406 2417; x_wconf 81' lang='lat' dir='ltr'><strong>dexteris,</strong></span> 
     </span>
    </p>

    <p class='ocr_par' dir='ltr' id='par_1_56' title="bbox 952 2426 1498 2511">
     <span class='ocr_line' id='line_1_99' title="bbox 952 2426 1498 2472; baseline 0.002 -12"><span class='ocrx_word' id='word_1_272' title='bbox 952 2426 1003 2460; x_wconf 86' lang='lat' dir='ltr'><strong>Ne</strong></span> <span class='ocrx_word' id='word_1_273' title='bbox 1027 2436 1086 2461; x_wconf 89' lang='lat' dir='ltr'><strong>nos</strong></span> <span class='ocrx_word' id='word_1_274' title='bbox 1103 2435 1231 2469; x_wconf 84' lang='lat' dir='ltr'><strong>poenae</strong></span> <span class='ocrx_word' id='word_1_275' title='bbox 1247 2428 1361 2461; x_wconf 84' lang='lat' dir='ltr'><strong>tradat</strong></span> <span class='ocrx_word' id='word_1_276' title='bbox 1379 2429 1498 2472; x_wconf 80' lang='lat' dir='ltr'><strong>stagni,</strong></span> 
     </span>
     <span class='ocr_line' id='line_1_100' title="bbox 998 2476 1394 2511; baseline 0.005 -3"><span class='ocrx_word' id='word_1_277' title='bbox 998 2476 1049 2509; x_wconf 85' lang='lat' dir='ltr'><strong>Tu</strong></span> <span class='ocrx_word' id='word_1_278' title='bbox 1075 2485 1230 2509; x_wconf 90' lang='lat' dir='ltr'><strong>succurre</strong></span> <span class='ocrx_word' id='word_1_279' title='bbox 1256 2477 1394 2511; x_wconf 69' lang='lat' dir='ltr'><strong>miseris</strong></span> 
     </span>
    </p>
   </div>
   <div class='ocr_carea' id='block_1_34' title="bbox 1286 2533 1320 2564">
    <p class='ocr_par' dir='ltr' id='par_1_57' title="bbox 1286 2533 1320 2564">
     <span class='ocr_line' id='line_1_101' title="bbox 1286 2533 1320 2564; baseline 0.059 -2"><span class='ocrx_word' id='word_1_280' title='bbox 1286 2533 1320 2564; x_wconf 84' lang='lat'><strong>16</strong></span> 
     </span>
    </p>
   </div>
  </div>
 </body>
</html>
