1650 2671
146 225 178 255 4.
209 222 292 264 Ave,
317 221 410 262 virgo
437 219 563 262 gratiae

257 269 395 303 Lumine
420 269 557 311 signata,

207 319 353 352 Tandem
383 318 476 350 donis
502 316 627 357 gloriae

258 367 482 409 Privilegiata‚

213 416 294 456 Regi
320 423 371 448 me
396 414 541 447 iustitiae

262 464 486 502 Commendes‚
512 462 620 500 beata,

213 514 445 546 contristatum
474 511 565 544 varie

259 562 337 596 Mea
363 561 404 594 ob
430 563 578 602 peceat-a.

155 644 190 675 5.
217 641 300 682 Ave,
328 640 432 672 vellus
460 638 581 671 caelico

263 690 352 722 Rore
378 688 571 722 delibutum,

212 738 330 771 Gladio
357 737 397 770 ab
425 736 549 770 hostico

261 788 376 820 Vatem
403 785 546 819 reddens
572 788 688 824 tutum,

214 836 307 869 Tuae
332 835 452 875 precis,
478 834 641 874 supplico,

267 883 393 918 Praebe
418 883 497 916 mihi
522 885 648 914 scutum

216 933 253 966 In
280 930 433 966 conflictu
458 931 586 972 bellico,

262 982 330 1022 Quo
358 982 486 1014 vincam
511 983 687 1012 versutum.

154 1062 185 1095 6.
214 1061 297 1101 Ave,
326 1057 559 1100 benignissima

261 1109 447 1148 Pauperum
477 1109 634 1145 matrona,

216 1157 339 1197 Quibus
367 1156 428 1188 das
456 1155 655 1188 creberrima

268 1205 456 1239 Gratiarum
484 1204 578 1245 dona,

216 1253 400 1295 Desectam,
427 1253 461 1286 in
485 1253 594 1285 anima

266 1302 379 1335 Patior
405 1311 509 1343 quem,
536 1311 617 1335 sana

214 1351 260 1384 Et
283 1352 319 1384 in
344 1351 426 1383 hora
450 1350 566 1384 ultima

262 1399 367 1443 Assis,
395 1403 501 1432 mater
523 1399 619 1433 bona.

159 1481 191 1513 7.
219 1479 302 1520 Ave,
330 1487 405 1511 rosa
432 1478 519 1511 carie

269 1528 390 1561 Carens
418 1530 516 1568 atque
541 1527 646 1568 spina,

218 1576 289 1616 Qua
315 1576 465 1608 caelestis
494 1576 604 1608 curiae

268 1624 400 1658 Gaudet
424 1623 557 1657 officina

219 1674 330 1706 Omnis
355 1673 583 1706 immunditiae

265 1722 391 1755 Munda
416 1731 469 1754 me
494 1723 631 1767 sentina,

219 1771 359 1804 Auctori
384 1771 548 1812 nequitiae

266 1820 317 1852 Ne
341 1819 415 1852 fiam
443 1820 568 1862 rapina.

161 1901 193 1932 8.
221 1900 304 1942 Axe,
330 1899 499 1939 templum,
528 1908 656 1932 camera

271 1948 436 1988 Portaque
461 1950 580 1989 serata,

222 1996 336 2038 Navis,
363 2000 487 2042 portus,
517 2006 647 2040 ancora,

270 2045 393 2078 Domus
421 2046 653 2089 conquadrata,

220 2094 270 2126 Tu
293 2103 353 2135 per
378 2093 441 2126 Dei
467 2104 603 2128 munera

270 2143 359 2175 Mire
385 2143 539 2177 decorata

220 2192 267 2225 Es
294 2194 327 2224 et
352 2200 450 2232 super
474 2192 586 2225 sidera

273 2240 420 2273 Tandem
447 2242 584 2274 elevata.

163 2324 195 2356 9.
223 2320 306 2361 Ave,
334 2319 421 2352 veris
447 2318 598 2361 primula,

269 2370 380 2412 Virgo,
407 2366 468 2401 flos
493 2368 641 2409 pudoris,

224 2417 395 2452 Trinitatis
422 2417 551 2457 cellula,

272 2468 384 2502 Mater
407 2466 591 2511 salvatoris,

674 117 936 153 -214-

936 214 1044 249 Aufer
1066 215 1154 248 mala
1182 213 1311 257 singula

986 264 1054 297 Mei
1080 263 1276 306 peccatoris,

939 313 1062 353 Quibus
1086 323 1218 353 premor
1245 311 1361 346 sedula

986 361 1119 396 Fraude
1145 360 1363 404 temptatoris,

855 443 911 476 10.
938 441 1023 482 Ave,
1050 441 1163 473 mundi
1192 440 1333 480 domina,

986 490 1114 531 Regina
1138 490 1307 531 iustorum,

939 538 1001 572 Oui
1023 538 1140 572 laudes
1166 537 1295 580 agmina

988 587 1144 628 Pangunt
1168 586 1368 628 angelorum,

938 636 1088 669 Meorum
1114 636 1269 677 ligamina

990 685 1089 718 Solve
1114 688 1323 726 peecatorum

940 734 985 767 Et
1012 733 1106 767 aufer
1131 733 1298 766 molimina

990 783 1281 816 Adversariorum.

870 863 925 896 11.
956 864 1037 900 Ave,
1067 861 1210 895 candens
1235 860 1339 893 lilium

992 910 1136 952 Flosque
1162 909 1335 950 castitatis,

945 959 1143 992 Devotarum
1167 957 1324 991 mentium

992 1008 1158 1041 Redolens
1183 1009 1217 1041 in
1244 1007 1359 1048 pratis,

942 1057 1034 1098 Roga
1059 1060 1149 1089 tuum
1174 1055 1289 1095 filium,

991 1105 1101 1139 Mater
1125 1104 1293 1143 bonitatis,

946 1154 990 1187 Ut
1015 1156 1164 1195 praestet
1189 1152 1346 1187 auxilium

995 1203 1127 1236 Cunctis
1155 1202 1332 1236 tribulatiS.

858 1282 914 1315 12.
942 1282 1025 1325 Ave,
1053 1282 1144 1315 sidus
1170 1281 1316 1323 radians,

993 1331 1119 1363 Lumen
1142 1330 1295 1373 salutare,

944 1379 1122 1412 Peccatum
1148 1378 1369 1411 exterminans

993 1428 1114 1461 Potens
1141 1427 1348 1470 propulsare,

945 1476 1099 1518 Digneris
1125 1485 1178 1508 me
1205 1477 1365 1508 miserans

994 1526 1090 1558 Nunc
1114 1526 1310 1569 illuminare,

945 1574 996 1607 Ne
1020 1584 1081 1616 per
1101 1574 1225 1615 probra
1252 1574 1418 1615 cespitans

995 1624 1101 1665 Cogar
1126 1623 1292 1656 oberrare.

861 1703 915 1737 13.
944 1703 1026 1743 Ave,
1054 1705 1159 1735 mater
1183 1703 1317 1743 pariens

997 1752 1097 1785 Modo
1125 1751 1264 1792 speciali

946 1800 991 1835 Et
1016 1801 1140 1834 intacta
1165 1809 1362 1841 permanens

994 1849 1095 1883 Flore
1121 1849 1285 1892 virginali,

948 1898 1011 1932 Cor
1038 1908 1142 1932 meum
1172 1899 1337 1941 desipiens

1000 1948 1105 1990 Culpa
1129 1958 1211 1989 prae
1237 1949 1368 1981 mortali

949 1997 1001 2030 Sis
1026 1998 1060 2031 in
1089 1997 1184 2031 domo
1209 1998 1375 2031 instruens

998 2046 1202 2088 Sapientiali.

856 2127 911 2160 14.
939 2126 1021 2168 Ave,
1050 2137 1144 2168 quam
1171 2127 1316 2160 inebriat

1000 2175 1136 2209 Gratiae
1156 2177 1294 2216 piscina,

950 2224 997 2257 Et
1021 2233 1152 2266 semper
1177 2225 1320 2258 irradiat

1002 2272 1133 2305 Caelica
1159 2272 1321 2315 doctriua,

951 2321 1023 2353 Tua
1048 2329 1148 2362 prece
1173 2325 1326 2362 protegat,

1001 2370 1057 2402 Me
1083 2369 1190 2403 virtus
1217 2371 1340 2413 divina,

953 2418 1067 2451 Hostis
1091 2427 1133 2451 ne
1159 2419 1304 2461 decipiat,

1002 2465 1110 2500 Fraus
1136 2477 1188 2500 me
1214 2469 1373 2511 viperilia.
