1650 2671
681 95 947 130 -232—

140 195 195 227 70.
213 193 319 231 Salve,
348 194 450 237 virgo,
480 193 612 226 caelesti
638 193 769 225 numine

214 241 415 276 Obumbrata
441 246 539 284 atque
564 241 752 285 munimine,

211 291 294 325 Toto
323 292 430 324 cordis
457 294 533 332 peto
561 290 739 334 conamine,

212 340 296 373 Mihi
322 343 379 373 tuo
404 340 487 373 assis
508 340 682 374 iuvaminc.

145 416 201 449 71.
218 415 324 455 Salve,
344 417 448 446 mater
463 412 621 445 iustorum
640 413 781 445 omnium

213 463 420 502 Reorumque
451 462 545 494 dulce
569 461 782 505 praesidium,

214 511 295 544 Esto
315 511 404 554 mihi,
433 519 563 551 quaeso,
585 510 781 554 confugium,

216 559 351 600 Quando
370 561 518 592 strictum
538 559 601 593 erit
613 559 781 596 iudicium.

145 630 163 667 7
170 637 201 670 2.
218 634 287 666 Salx
297 644 324 673 e,
343 633 445 676 virgo,
459 633 582 667 Christi
591 633 780 677 sacrarium,

217 683 308 716 Caeli
334 683 487 716 habitans
512 681 745 726 sanctuarium,

217 732 341 765 Mentis
367 733 460 765 nobis
489 732 532 764 da
557 729 773 773 refrigerium,

221 781 323 814 Omne
337 790 463 822 quoque
471 780 564 813 aufer
574 781 780 815 contrarium.

148 856 191 889 73
218 853 326 898 Salve,
348 853 419 887 fons
441 854 482 887 de
500 854 650 896 supernis
664 854 782 891 oriens,

213 902 399 936 Gratiarum
427 902 514 936 rivos
541 903 733 944 scaturiens,

216 952 312 993 Fide,
332 961 461 994 quaeso,
480 961 521 984 ne
539 952 599 985 sim
620 951 782 991 deficiens,

215 1001 295 1034 Cum
302 1002 468 1034 demundo
474 1001 622 1034 recedam
631 1001 782 1035 moriens.

144 1076 200 1109 74.
217 1074 323 1118 Salve,
352 1083 510 1107 summum

288 1124 422 1164 gignens
447 1122 646 1164 pontificem,

213 1171 423 1206 Deferentem
450 1172 612 1204 mixturae
638 1171 783 1214 calicem,

216 1220 368 1253 Nostram
396 1228 527 1262 precem

290 1269 409 1302 exaudi
435 1270 626 1311 supplicem,

217 1319 316 1351 Placa
343 1327 470 1360 quoque
493 1319 612 1351 iratum
631 1318 783 1354 iudicem.

147 1389 164 1421 7
174 1390 205 1423 5.
220 1386 328 1430 Salve,
343 1386 457 1420 mundi
467 1387 524 1419 lux
534 1390 632 1427 atque
644 1387 783 1431 domina,

220 1436 282 1468 Tui
309 1435 395 1469 servi
420 1436 498 1469 audi
525 1436 721 1477 precamina,

219 1485 341 1517 Mentis
367 1493 460 1518 meae
484 1486 589 1517 visum
612 1485 761 1518 illumina

218 1534 328 1574 Atque
345 1537 460 1566 cuncta
478 1534 565 1574 pelle
584 1534 784 1569 discrimina.

146 1604 203 1637 76.
218 1601 327 1645 Salve,
356 1601 485 1634 ductrix
513 1602 779 1647 exorbitantium,

217 1651 321 1684 Voces
348 1651 424 1683 audi
452 1651 493 1683 ad
511 1653 543 1683 te
563 1651 784 1693 clamantium,

218 1699 264 1733 Ut
272 1701 348 1740 post
357 1699 444 1732 vitae
452 1709 509 1742 pra
516 1700 635 1733 esentis
642 1701 783 1742 spatium

218 1748 443 1790 Scmpiternae
455 1752 604 1789 praestes
618 1750 783 1783 solacium.

149 1819 202 1851 77⁷
220 1817 328 1859 Salve,
356 1821 461 1851 mater
486 1820 580 1859 panis
606 1819 755 1861 angelici,

221 1869 288 1906 (Quo
315 1866 430 1900 fideles
456 1870 623 1900 merentur
648 1867 749 1912 refici,

220 1915 263 1949 Ut
289 1917 320 1949 in
349 1917 404 1948 via
428 1925 492 1949 non
518 1918 640 1958 possim
669 1917 774 1961 defici,

217 1964 288 1998 Fac
312 1973 364 1998 me
388 1966 447 1998 illo
472 1968 509 1997 tu
537 1967 668 2007 dignum
689 1966 786 2002 effici.

149 2035 205 2069 78.
223 2033 330 2074 Salve,
358 2035 552 2076 imperatrix
578 2038 717 2080 egregia,

223 2083 312 2123 Quae
337 2083 378 2115 de
403 2085 507 2125 stirpe
532 2086 642 2127 genita
668 2088 758 2128 regia

224 2132 320 2166 Nunc
345 2141 487 2174 superna
512 2138 603 2167 tenes
630 2134 772 2179 fastigia,

220 2181 301 2215 Esto
325 2184 429 2214 mater
455 2182 550 2216 nobis
575 2185 730 2226 propitia.

150 2253 206 2286 79.
223 2250 333 2292 Salve,
361 2251 444 2284 caeli
469 2252 582 2293 regina
606 2252 731 2295 inclita,

221 2300 442 2342 Supernorum
469 2300 611 2334 culmine
627 2303 791 2344 praedita,

221 2350 352 2385 Mentes
361 2352 490 2382 notsras
498 2351 572 2391 torp
577 2354 667 2384 entes
674 2352 791 2396 excita,

223 2398 486 2440 Comprehendat

301 2458 343 2482 ne
366 2457 453 2482 mors
479 2457 537 2481 nos
564 2446 683 2482 subita.

843 195 899 229 80.
915 193 1027 238 Salve,
1058 194 1140 228 caeli
1165 195 1300 237 gignens
1328 193 1483 232 edulium,

916 244 1008 283 Quod
1025 243 1162 285 depellit
1174 244 1292 277 mentis
1304 241 1484 284 fastidium,

914 291 1018 325 Tuum
1047 293 1141 326 nobis
1161 292 1273 326 confer
1289 291 1483 330 subsidium,

911 339 964 373 Ne
990 341 1102 374 fiamus
1127 341 1215 375 hosti
1234 341 1425 375 ludibrium.

843 405 899 439 81.
916 403 1023 446 Salve,
1050 405 1260 447 praesignata
1283 404 1474 445 antiquitus,

917 453 1148 494 Impraegnata
1170 463 1298 496 quoque
1315 453 1484 494 divinitus,

917 501 1120 543 Pupillorum
1148 504 1181 534 te
1198 506 1314 543 petunt
1334 502 1483 545 gemitus,

917 549 967 582 Nc
992 550 1123 584 illorum
1149 551 1193 583 sit
1217 551 1291 585 finis
1317 551 1452 584 subituS.

846 615 903 649 82.
920 613 1027 654 Salve,
1055 614 1117 647 Dei
1145 615 1264 647 ancilla
1290 613 1433 654 humilis,

918 662 978 695 Cui
1005 672 1168 705 nunquam
1197 662 1257 695 fuit
1284 662 1472 703 consimilis,

917 711 966 743 Te
990 721 1081 744 mens
1107 720 1179 744 mea
1205 715 1318 744 exoret
1342 710 1471 753 flebilis,

917 759 962 793 Ut
990 765 1140 803 resurgat,
1164 761 1195 793 in
1223 761 1322 794 sorde
1349 759 1477 801 debilis,

845 825 900 858 83.
918 823 1023 868 Salve,
1045 825 1148 866 virgo,
1165 834 1249 865 quae
1262 823 1332 856 illic
1346 823 1485 865 habitas,

918 873 985 907 Ubi
1012 874 1103 916 pacis
1130 874 1223 906 adest
1251 872 1484 914 tranquillitas,

917 921 1046 954 Mentes
1070 925 1201 955 nostras
1227 921 1317 954 vitiis
1346 921 1475 955 deditas

919 970 1013 1003 Nunc
1039 970 1195 1004 reformet
1213 973 1269 1003 tua
1285 970 1484 1012 benignitas.

845 1035 903 1068 84.
921 1033 1029 1075 Salve,
1048 1034 1149 1067 rubus
1164 1034 1251 1067 visus
1264 1043 1325 1075 per
1335 1034 1486 1075 Moysen,

922 1082 1064 1117 Civitate
1089 1082 1183 1116 nobis
1209 1083 1243 1116 in
1269 1083 1461 1116 Bethlehem

919 1131 1102 1166 Gloriosam
1116 1131 1250 1174 gignens
1262 1132 1487 1173 propaginem,

917 1180 988 1213 Fac
1013 1190 1071 1214 nos
1099 1190 1170 1214 esso
1190 1181 1278 1214 cives
1297 1181 1489 1214 Ierusalem¹

847 1244 903 1278 85.
918 1243 1026 1282 Salve,
1054 1245 1156 1286 virgo,
1185 1248 1291 1277 mater
1317 1244 1488 1284 mirabilis,

921 1293 1009 1332 Quae
1036 1302 1068 1325 es
1086 1294 1156 1327 Deo
1183 1303 1308 1326 summe
1327 1293 1489 1338 amabilis,

918 1341 966 1374 Te
992 1351 1081 1375 mens
1109 1351 1181 1375 mea
1206 1343 1290 1384 petit
1313 1342 1489 1385 instabilis,

920 1391 979 1425 Uti
1004 1391 1064 1424 fiat
1089 1393 1131 1425 ad
1157 1392 1279 1425 bonum
1304 1392 1435 1425 habilis.

846 1457 903 1490 86.
921 1454 1027 1498 Salve,
1044 1459 1155 1489 nostra
1171 1456 1259 1489 salus
1274 1458 1307 1488 et
1319 1456 1489 1497 sanctitas,

921 1503 1074 1538 Gloriosa
1098 1505 1161 1538 Dei
1188 1508 1222 1538 tu
1250 1505 1378 1548 civitas,

919 1553 1022 1586 Nobis
1048 1556 1197 1595 praestet
1223 1558 1280 1587 tua
1307 1554 1492 1595 benignitas

918 1601 1064 1644 Regnum
1084 1603 1176 1643 caeli,
1195 1613 1257 1645 quo
1271 1606 1321 1635 est
1337 1603 1491 1638 felicitas

849 1666 904 1699 87.
921 1665 1029 1710 Salve,
1057 1667 1148 1700 Iesse
1174 1667 1302 1709 virgula
1328 1670 1455 1710 tenera,

919 1715 1113 1748 Manifestat
1140 1725 1238 1757 quam
1264 1719 1358 1749 vetus
1380 1716 1492 1759 litera,

920 1763 1043 1797 Mentis
1070 1774 1161 1798 meae
1184 1765 1316 1799 medica
1344 1765 1493 1808 vulnera,

924 1814 1012 1853 Quae
1030 1823 1110 1854 gens
1125 1815 1236 1856 Stygis
1251 1815 1370 1848 intulit
1384 1813 1495 1849 effera.

850 1877 907 1910 88.
923 1876 1029 1910 Salve.
1059 1879 1156 1912 radix
1184 1879 1296 1912 Iessea
1319 1877 1439 1912 florida

920 1927 1032 1968 Atque
1057 1928 1154 1961 stella
1180 1928 1330 1961 caelestis
1355 1928 1493 1970 fulgida,

925 1975 973 2008 Te
999 1980 1114 2010 exorat
1138 1986 1230 2010 mens
1256 1986 1330 2010 mea
1356 1978 1484 2017 timida,

925 2024 1013 2059 Gens
1036 2024 1168 2068 fugetur
1185 2026 1330 2060 Arverni
1348 2027 1494 2063 rancida.

852 2092 907 2125 89.
925 2090 1032 2132 Salve,
1061 2091 1166 2133 virgo,
1187 2091 1287 2124 decus
1308 2091 1497 2124 caelestium

924 2140 970 2173 Et
995 2140 1141 2174 adiutrix
1167 2143 1201 2172 te
1223 2140 1457 2184 invocantium,

922 2190 1121 2223 Miserorum
1144 2198 1221 2230 spes
1248 2191 1283 2222 et
1307 2189 1483 2235 refugium,

925 2238 1029 2271 Tuum
1054 2247 1113 2271 ora
1137 2247 1198 2279 pro
1224 2237 1320 2271 nobis
1346 2239 1462 2273 filium.

855 2304 913 2338 90,
927 2301 1036 2345 Salve,
1062 2302 1171 2336 lumen
1198 2301 1282 2335 caeli
1309 2302 1487 2345 vivificum,

929 2350 1038 2383 Solem
1055 2352 1154 2385 terris
1172 2351 1307 2393 gignens
1321 2352 1496 2399 lucificum,

929 2399 1031 2433 Placa
1057 2400 1152 2434 nobis
1177 2410 1287 2443 regem
1315 2401 1495 2437 terrificum

927 2449 979 2481 Ac
1004 2449 1149 2484 solamen
1175 2449 1288 2484 confer
1306 2452 1499 2494 angelicum.
