1650 2671
683 103 947 139 —154—-

153 204 196 237 10
202 205 232 237 3.
247 204 330 243 Ave,
339 213 433 244 quam
441 203 645 236 hierarchiae
652 203 793 235 caelicae

249 253 454 285 Venerantur

322 301 490 342 condignis
516 300 679 343 laudibus,

248 348 504 391 Naufragantem
532 348 775 382 ecclesiasticae

248 398 358 431 Plebis
366 408 480 431 navem
486 397 621 430 subleva
628 397 790 439 precibus.

153 493 231 526 104.
247 493 328 530 Ave,
349 491 549 525 consolatrix
563 491 789 532 maerentium,

244 540 351 573 Maris
363 540 460 573 stella
470 549 552 581 quae
560 544 651 573 recte
659 540 787 584 diceris,

246 589 458 623 Consolamen
470 589 787 630 tuumquaerentium

245 638 340 670 Preci
366 648 461 671 aures
486 647 529 670 ne
547 637 782 673 obfirmaveriS.

158 730 233 765 105.
248 733 329 776 Ave,
358 730 471 765 fruens
498 732 581 765 caeli
609 732 737 765 deliciis

248 781 380 814 Ventris
396 781 441 813 tui
458 790 528 813 cuni
539 782 624 814 almo
632 782 788 823 germine,

249 830 317 863 Nos
342 830 470 863 illectos
497 831 768 873 concupiscentiis

251 878 367 912 Carnis
378 881 454 911 tuae
461 880 583 912 munda
592 880 790 920 precamine.

150 973 231 1007 106.
247 973 329 1018 Ave,
358 978 460 1014 virgo,
489 972 571 1005 caeli
595 973 734 1017 galaxia,

247 1023 317 1063 Qua
332 1021 493 1055 ducuntur
505 1021 583 1054 iusti
591 1023 626 1055 in
633 1023 786 1065 patriam,

247 1070 444 1105 oberrantes
470 1081 490 1103 a
514 1070 569 1103 via
593 1070 685 1112 regia

246 1119 346 1162 Legis
365 1118 428 1151 Dei
445 1119 548 1152 reduc
564 1129 625 1160 per
637 1120 786 1160 gratiam.

151 1213 231 1246 107.
248 1214 329 1254 Ave,
358 1221 453 1253 quam
478 1212 512 1244 in

320 1265 507 1294 sanctorum
532 1270 666 1294 numero

247 1310 358 1342 Prima
382 1319 508 1342 summa
530 1310 654 1343 locavit
674 1310 788 1356 deitas,

245 1356 407 1392 Invocare
432 1368 504 1391 cum
530 1362 564 1391 te
588 1359 764 1400 nequivero

245 1407 332 1440 Prae
340 1417 460 1448 angore
470 1408 596 1450 mortis,
604 1408 789 1444 subvenias,

153 1499 234 1533 108.
248 1502 331 1545 Ave,
363 1500 454 1533 Sidus
482 1501 564 1533 caeli
588 1500 788 1543 signiferum,

247 1549 317 1582 Tuo
345 1552 460 1582 cuncta
483 1550 653 1583 illustrans
678 1551 782 1591 radio,

249 1599 372 1632 Contra
383 1608 443 1631 nos
457 1600 577 1632 elatum
586 1599 791 1641 anguiferum

250 1647 355 1688 Caput
379 1651 436 1680 tua
461 1651 590 1688 premat
615 1648 731 1682 oratio.

152 1741 233 1775 109.
248 1742 330 1781 Ave,
358 1751 440 1782 quae

319 1791 697 1832 incircumscriptibilem

250 1840 320 1872 Tuo
346 1849 440 1873 sacro
467 1840 612 1873 clausisti
638 1844 741 1881 utero.

251 1889 355 1922 Vitam
366 1898 467 1922 meam
478 1899 564 1923 nunc
573 1890 791 1923 miserabilem

249 1937 348 1971 Muta.
364 1947 405 1970 ne
416 1939 550 1972 damner
562 1948 632 1971 cum
643 1939 791 1974 lucifero.

156 2026 236 2059 110.
251 2027 322 2060 Ave
362 2027 452 2059 cuius
480 2027 718 2069 magnificentia

248 2076 381 2108 Deitate
408 2077 533 2109 relucet,
556 2076 627 2120 filii,

251 2125 355 2165 Reple
381 2125 442 2157 Dei
469 2134 520 2158 me
545 2126 717 2169 sapientia,

247 2173 374 2206 Donum
383 2179 648 2215 quoquepraesta
654 2176 791 2210 consilii.

154 2262 234 2298 111.
249 2264 332 2304 Ave,
360 2263 466 2303 stella,
494 2272 576 2303 quae
601 2266 656 2296 tuo
673 2263 796 2296 lumine

249 2312 334 2346 Solis
359 2311 464 2344 lucem

322 2360 426 2395 vincis
453 2363 486 2393 et
509 2365 708 2403 menstruae,

250 2411 331 2444 Tuo.
356 2409 477 2456 flagito,
508 2411 730 2443 coruscamine

252 2460 396 2494 Mentem
412 2469 516 2493 meam
530 2460 634 2493 lustra
651 2459 791 2494 assidue.

860 203 935 237 112.
950 203 1033 243 Ave,
1060 202 1198 236 formam

1022 251 1184 293 praebens
1210 249 1397 293 humilibus,

949 299 1088 334 Dicens:
1109 309 1194 343 ecce,
1214 298 1334 332 aneilla
1347 296 1491 339 Domini,

949 348 1119 382 Collocare
1145 358 1217 380 cum
1244 347 1326 379 caeli
1353 345 1478 379 civibus

948 396 1018 430 Tuo
1044 397 1277 431 benedicentes
1303 395 1436 429 nomini.

852 471 933 504 113.
949 472 1030 509 Ave,
1058 471 1160 514 virgo,

1022 527 1105 560 quae
1131 519 1256 551 caelum
1282 517 1413 558 diceris,

946 567 1048 600 Astro
1074 567 1252 607 splendens

1020 614 1282 653 inconfuscabili,

946 665 1018 706 Tui,
1046 674 1174 708 precor,

1020 716 1064 747 sis
1090 724 1214 747 memor
1240 714 1402 755 memoris,

947 763 1141 797 Venerantis
1167 767 1201 796 te
1226 766 1301 795 voto
1328 762 1452 797 humili.

849 839 868 871 1
876 839 930 872 14.
945 839 1028 878 Ave,
1042 838 1147 878 virgo,
1161 846 1245 878 quae
1258 839 1293 869 te
1303 837 1493 877 petentibus

946 887 1026 919 Tuis
1052 888 1131 920 ades
1159 895 1231 918 cum
1256 885 1440 929 adiutoriis,

946 935 1162 968 Sublevamen
1186 935 1244 976 pie
1269 934 1462 976 degentibus

946 984 1071 1017 Praebe
1093 985 1207 1026 poenis
1224 985 1260 1016 in
1277 984 1489 1026 purgatoriis.

850 1058 929 1092 115.
944 1058 1028 1100 Ave,
1055 1058 1158 1101 virgo,
1187 1056 1260 1090 fons
1285 1056 1490 1100 indeficiens,

945 1106 1108 1140 Salutaris
1136 1109 1287 1139 eructans
1315 1106 1449 1139 calicem

946 1155 1010 1198 Da,
1030 1158 1068 1188 ut
1084 1154 1183 1197 digne
1201 1155 1296 1188 iilum
1313 1155 1494 1196 suscipiens

948 1204 1017 1237 Sim
1033 1212 1196 1246 supernae
1209 1203 1290 1237 civis
1302 1203 1492 1238 Ierusalem.

850 1281 918 1315 116
946 1280 1029 1325 Ave,
1058 1278 1149 1312 cuius
1175 1282 1310 1312 aeterua
1335 1278 1458 1312 veritas

946 1328 1032 1363 Alvo
1049 1337 1187 1361 nascens
1204 1328 1317 1361 illuxit
1329 1327 1491 1371 gentibus,

947 1378 1018 1410 Tua
1046 1376 1149 1410 dulcis
1175 1386 1227 1409 me
1253 1381 1365 1409 servet
1385 1376 1492 1419 pietas

945 1427 1167 1459 Laborantem
1184 1426 1326 1468 petulcis
1339 1425 1494 1459 motibus.

852 1502 932 1535 117.
947 1501 1031 1542 Ave,
1059 1501 1162 1544 virgo,

1021 1558 1124 1589 mone,
1153 1559 1215 1591 quo
1242 1548 1449 1582 abscinditur

948 1598 1051 1639 Lapis
1075 1601 1210 1631 nectens
1237 1598 1319 1631 duos
1335 1598 1493 1640 parietas,

949 1647 1056 1680 Laudi
1069 1652 1146 1680 tuae
1159 1651 1215 1689 qui
1228 1656 1316 1680 nunc
1329 1646 1496 1687 innititur,

949 1696 1012 1729 Per
1021 1699 1055 1729 te
1064 1696 1159 1730 sedes
1172 1696 1411 1738 acquiratperp
1416 1699 1496 1732 ete-s.

852 1771 934 1806 118.
950 1772 1033 1812 Ave,
1060 1780 1078 1802 o
1104 1769 1419 1813 immaculatissima,

949 1820 1071 1861 Legem
1089 1820 1230 1861 implens
1243 1818 1371 1853 sincero
1386 1828 1497 1862 opere,

948 1869 1072 1902 Mentis
1090 1877 1183 1901 meae
1201 1866 1351 1901 conforta
1367 1869 1497 1909 intima‚

950 1917 999 1951 Ut
1016 1919 1154 1951 eandem
1170 1920 1293 1959 queant
1311 1919 1499 1960 exquirere.

855 1994 934 2027 119.
949 1992 1033 2036 Ave,
1063 1993 1161 2025 decus
1186 1992 1448 2033 incomparabile

950 2042 1002 2073 Ac
1028 2041 1216 2082 excemplar

1026 2091 1180 2123 virtutum
1208 2090 1360 2134 omnium,

951 2139 1021 2172 Fac
1037 2140 1071 2172 in
1089 2138 1157 2172 fide
1171 2148 1229 2172 cor
1243 2148 1350 2172 meum
1368 2139 1499 2182 stabile,

953 2188 1074 2221 Contra
1100 2186 1233 2220 fraudes

1026 2237 1199 2269 decertans
1228 2237 1433 2272 daemonum.

856 2312 937 2346 120.
957 2312 1040 2352 Ave,
1069 2310 1160 2344 cuius
1186 2312 1255 2344 nati
1280 2320 1342 2352 per
1367 2312 1487 2346 merita

955 2360 1045 2394 Caeli
1069 2360 1163 2393 nobis
1188 2364 1281 2403 patet
1304 2361 1471 2406 introitus,

955 2409 1158 2443 Honorantis
1185 2414 1218 2442 te
1242 2410 1342 2443 laude
1369 2410 1481 2445 debita

954 2460 1149 2500 Protegarur
1179 2469 1197 2492 a
1225 2468 1324 2492 carne
1350 2461 1467 2494 exitus
