1650 2671
652 707 733 740 XVI.
774 706 971 739 Psalterium
1001 708 1177 748 „Theotoca
1199 730 1207 738 .

787 807 1067 843 Prooemium.

291 920 297 927 .
327 893 414 937 Tibi,
443 897 548 927 mater
575 895 702 936 deifica,

328 943 529 984 Depromam
557 944 691 977 laudum
719 944 847 978 cantica

327 994 466 1034 Sumpta
494 992 534 1025 de
561 993 749 1035 evangelica

328 1041 501 1083 Scriptura
528 1044 561 1074 et
586 1042 791 1083 prophetica.

291 1144 298 1152 .
327 1117 415 1155 Hinc
440 1119 531 1163 mihi,
561 1123 664 1153 mater
688 1120 822 1163 gratiae.

324 1170 436 1202 Mater
461 1169 720 1213 misericordiae,

324 1219 453 1251 Donum
480 1218 523 1251 da
549 1219 732 1259 sapientiae

325 1269 377 1300 Ac
400 1268 564 1309 plectrum
590 1268 806 1309 eloquentiae,

291 1373 296 1378 .
325 1344 443 1381 Evelle
470 1345 706 1389 obstrepentia,

324 1396 349 1429 Ο
378 1396 481 1438 virg0‚
509 1396 626 1428 mentis
653 1396 775 1439 taedia,

322 1445 559 1478 Phantasmata
586 1448 616 1477 et
645 1445 727 1478 vitia

322 1494 416 1527 Omni
444 1503 516 1526 eum
544 1494 715 1529 iniustitia.

259 1586 291 1605 ι.
322 1570 467 1607 Occurre
494 1573 571 1605 mihi
599 1572 728 1607 obviam

320 1622 483 1656 Tardanti
510 1631 570 1663 per
597 1623 768 1667 desidiam,

321 1671 461 1705 Praesta
487 1672 606 1704 mentis
631 1675 860 1714 constantiam,

322 1720 431 1762 Spem.
456 1720 554 1754 fidem
582 1724 680 1763 atque
705 1721 855 1763 gratiam.

972 896 1004 929 5.
1034 892 1083 929 Te
1109 895 1221 928 iubilis
1247 898 1280 927 et
1305 897 1476 936 plausibus

1033 944 1103 977 Nec
1128 953 1190 977 non
1219 944 1421 977 orationibus

1034 992 1222 1035 Aggredior
1248 994 1405 1026 attentius

1033 1042 1240 1083 Regnantem
1265 1042 1298 1074 in
1326 1043 1523 1075 caelestibus

972 1122 1003 1156 6.
1033 1117 1177 1159 Orantis,
1204 1123 1310 1153 mater
1336 1124 1459 1162 tenera,

1030 1169 1192 1203 Affectum
1220 1179 1306 1202 nunc
1333 1170 1516 1210 considera,

1030 1219 1088 1252 Me
1114 1218 1181 1252 filio
1209 1217 1409 1252 confoedera

1032 1268 1098 1301 Per
1123 1276 1197 1300 mea
1221 1268 1312 1301 laeso
1338 1269 1476 1302 scelera.

973 1347 1004 1379 7.
1034 1343 1113 1381 Cum
1140 1346 1245 1379 tristis
1273 1347 1374 1380 corde
1399 1351 1527 1389 anxior,

1032 1396 1057 1429 O
1087 1395 1212 1428 cunctis
1239 1396 1363 1429 sanctis
1390 1399 1544 1438 sanctior,

1032 1445 1194 1478 Celeriter
1221 1444 1361 1486 reficior,

1032 1494 1112 1527 Cum
1141 1497 1173 1526 te
1202 1494 1319 1526 devote
1346 1504 1496 1530 veneror.

969 1573 1000 1605 8.
1029 1570 1153 1608 Aurem
1182 1572 1305 1614 praebe
1331 1577 1492 1616 precatur.

1029 1622 1183 1664 Vigorem
1208 1622 1401 1666 intellectui,

1032 1672 1215 1705 Candorem
1242 1672 1360 1705 mentis
1389 1675 1473 1706 visui

1029 1722 1073 1754 Et
1101 1722 1166 1754 vim
1192 1723 1313 1754 amoris
1340 1723 1454 1757 mutui.

737 1828 1054 1870 Quinquagena
1086 1830 1113 1862 Ι.

288 1935 293 1943 .
324 1907 407 1952 Ave,
435 1906 538 1948 virgo,
564 1907 732 1953 cathedra,

373 1957 464 1990 Deus
486 1965 551 1997 qua
576 1958 738 1999 pausavit,

322 2006 459 2048 Quando
485 2005 577 2046 pacis
604 2004 741 2039 foedera

371 2054 506 2089 Homini
534 2055 681 2098 dictavit,

323 2105 384 2148 Qui
407 2114 468 2147 per
494 2105 596 2137 multa
623 2105 751 2138 scelera

374 2155 458 2189 Olim
487 2154 668 2199 aberravit,

321 2205 455 2238 Fraude
480 2207 656 2246 postquam
681 2203 781 2237 effera

371 2254 487 2289 Hostis
513 2254 604 2287 illum
632 2253 761 2287 stravit.

259 2340 292 2370 “.
320 2335 405 2379 Ave,
432 2333 547 2368 mundi
573 2333 694 2366 nobilis

372 2384 535 2426 Princeps
561 2386 592 2416 et
620 2383 745 2427 regina,

316 2436 390 2476 Qua
414 2434 555 2476 largitur
582 2432 724 2467 credulis

371 2484 498 2526 Culpae
521 2483 698 2525 medicina,

1029 1907 1091 1940 His
1117 1906 1343 1950 petitiunculis

1077 1956 1236 1990 Auditum
1263 1957 1388 1991 melina

1031 2006 1078 2038 Et
1102 2016 1161 2040 nos
1188 2016 1208 2038 a
1232 2006 1373 2047 piaculis

1080 2055 1216 2088 Solvere
1241 2054 1372 2091 festina.

971 2135 1003 2169 3.
1030 2135 1113 2177 Ave,
1139 2137 1255 2177 mater,
1283 2137 1422 2178 gratiam

1079 2182 1260 2218 Gonferens
1286 2188 1446 2220 maerenti

1025 2234 1072 2266 Et
1096 2243 1156 2275 per
1181 2234 1401 2269 innocentiam

1079 2283 1149 2317 Deo
1176 2284 1380 2327 adhaerenti,

1030 2332 1118 2366 Mihi
1144 2342 1256 2367 curras
1283 2334 1414 2369 obviam

1106 2383 1268 2417 Mundum
1296 2384 1505 2428 relinquenti,

1032 2431 1185 2467 Statuens
1211 2433 1255 2467 ad
1283 2434 1452 2468 dexteram

1082 2481 1170 2516 Nato
1197 2484 1393 2525 resurgenti.
