1650 2671
193 208 250 241 64.
278 208 305 241 O
331 208 446 240 sancte
470 207 606 248 spiritus

193 632 250 665 65.

188 1055 245 1089 66.

186 1476 242 1511 67.

182 1904 240 1936 68.

166 2331 234 2366 69.

325 256 430 288 Amor
454 256 628 298 mirabilis,

278 306 416 346 Semper
443 305 600 339 divinitus

324 353 487 396 Flagrans
512 355 547 387 in
574 355 709 399 angelis,

277 402 423 438 Absolve
447 405 578 445 penitus

325 452 393 486 Nos
419 463 439 486 a
463 454 603 495 piaculis

277 503 418 544 iungens
445 502 641 536 caelestibus

327 551 395 585 Nos
421 552 628 586 habitaculis.

279 632 304 665 O
330 631 535 664 incessabilis

328 679 478 722 Divaque
503 682 648 723 largitae,

279 731 369 770 Quae
393 731 458 762 tuis
486 729 614 762 famulis

327 778 419 810 Bona
445 777 673 821 communicas,

274 827 338 868 En,
366 836 418 859 me
445 827 619 868 culpabilis

325 876 487 916 depressit
512 875 670 918 pravitas,

273 925 384 959 Tollat
410 925 560 959 amabilis

321 983 417 1016 quam
444 978 501 1008 tua
526 976 645 1016 pietaS.

274 1054 300 1087 O
326 1054 539 1095 triplicabilis

322 1102 478 1136 Personis
506 1104 623 1143 deitaS‚

271 1152 507 1186 Inenarrabilis

322 1201 422 1241 Quam
450 1202 584 1242 simplat
608 1201 728 1242 unitas,

273 1250 388 1283 Solvat
413 1260 432 1283 a
457 1251 597 1283 vinculis

322 1298 392 1331 Nos
418 1302 475 1332 tua
501 1300 639 1341 bonitaS,

276 1347 401 1388 Culpae
428 1349 588 1389 decipulis

321 1397 407 1437 Quos
433 1398 555 1432 struxit
579 1400 720 1431 satanas.

271 1476 392 1509 Forma
418 1474 619 1509 formificans

319 1525 422 1559 Omne
447 1524 630 1566 formabile,

269 1574 520 1616 Sapientificans

319 1624 441 1657 Pectus
468 1624 628 1666 capabile,

268 1674 380 1707 Meum
405 1673 583 1715 pacificans

319 1724 370 1757 Sis
396 1724 608 1765 indomabile,

267 1773 344 1806 Tibi
370 1773 602 1815 obtemperans

316 1825 352 1855 ut
378 1823 423 1855 sit
447 1824 598 1856 amabile.

269 1904 382 1936 Virtus
406 1903 623 1944 multipotens

317 1951 509 1985 Producens
533 1952 643 1985 omnia

270 2000 449 2042 Cunctisqu
519 2002 672 2034 rovidens

317 2050 480 2083 Benevost

264 2101 306 2134 In
328 2101 427 2133 finem
455 2100 533 2142 diriL

316 2149 368 2183 Sis
394 2150 586 2184 vacillantia

264 2200 311 2234 Et
336 2203 405 2233 esto
432 2209 586 2234 amovens

313 2249 384 2283 Nos
410 2250 650 2291 perturbantia.

264 2330 396 2365 Candor
421 2331 588 2366 irradians

311 2381 343 2413 A
370 2390 495 2415 summo
520 2381 653 2421 lumine,

263 2431 412 2465 Obscura
437 2435 615 2472 penetrans

312 2481 384 2514 Tuo
409 2481 594 2524 minamine,

220 2544 340 2567 Dravus
348 2560 354 2571 ,
371 2542 498 2566 Psalteria
513 2542 718 2567 Wessofontana.

742 108 978 144 -17-

898 435 954 470 70.

898 858 953 891 71.

896 1283 951 1316 72.

893 1708 949 1741 73.

892 2134 947 2167 74.

985 208 1077 241 Tuae
1100 208 1147 241 sis
1172 207 1331 240 adiuvans

1034 257 1153 291 Matris
1179 257 1368 298 precamine

983 307 1049 352 Me,
1078 308 1133 349 qui
1158 315 1230 339 sum
1257 306 1426 338 clamitans

1031 356 1097 390 Pro
1124 356 1332 389 adiuvamine

981 435 1050 468 Ens
1077 437 1248 477 praestans
1276 434 1436 475 omnibus,

1032 484 1122 525 Quae
1146 487 1233 526 sunt,
1259 484 1488 525 substantiam,

983 534 1058 566 Tibi
1085 534 1339 567 adhaerentibus

1030 583 1096 616 Per
1122 583 1399 625 concordantiam,

981 632 1061 664 Tuis
1086 632 1292 674 supplicibus

1030 681 1083 714 Da
1108 682 1302 723 patientiam

982 729 1111 763 Pressis
1138 730 1179 763 ab
1205 731 1355 764 hostibus

1030 779 1098 813 Per
1122 780 1340 814 insolentiam.

980 858 1006 892 Ο
1033 857 1107 892 fons
1133 859 1318 900 largissime

1029 908 1194 941 Bonorum
1221 909 1365 942 omnium

980 956 1149 998 Supernae
1174 958 1300 999 gratiae

1028 1006 1119 1040 Dans
1145 1007 1361 1050 stillicidium,

979 1055 1090 1089 Dones
1115 1057 1264 1089 laetitiae

1029 1106 1133 1138 Nobis
1159 1106 1359 1146 praesidium

981 1153 1113 1187 Pellens
1139 1156 1323 1188 maestitiae

1031 1203 1151 1237 Causas
1178 1213 1216 1236 ac
1240 1205 1396 1240 taedium.

981 1283 1006 1316 O
1034 1282 1154 1316 bonum
1180 1284 1328 1317 omnibus

1028 1333 1293 1374 Concupiscibile

980 1381 1019 1414 In
1046 1382 1261 1415 existentibus

1029 1431 1114 1463 Vere
1139 1431 1298 1475 mirabile,

978 1479 1082 1513 Nobis
1110 1480 1319 1514 credentibus

1027 1529 1164 1573 Semper
1190 1531 1340 1573 amabile,

976 1578 1251 1613 Desiderantibus

1026 1628 1073 1662 Es
1101 1629 1307 1662 delectabile.

975 1708 1000 1741 O
1026 1717 1086 1741 rex
1112 1709 1318 1751 regnantium

1026 1758 1066 1791 In
1092 1758 1205 1792 mundi
1232 1759 1393 1800 machina,

978 1806 1172 1841 Sanctorum
1198 1809 1341 1842 omnium

1026 1857 1127 1897 Quem
1153 1857 1291 1890 laudant
1317 1859 1457 1899 agmina,

975 1906 1025 1938 Te
1052 1907 1299 1948 deprecantium

1025 1957 1117 1990 Audi
1142 1957 1341 1999 precamina,

977 2004 1082 2038 Saeva
1107 2015 1187 2048 quos
1214 2007 1354 2039 hostium

1025 2055 1185 2089 Premunt
1208 2057 1385 2092 molimina.

976 2134 1001 2168 O
1027 2135 1204 2169 ineffabilis

1023 2185 1190 2218 Bonorum
1216 2191 1396 2231 summitas,

977 2235 1076 2269 Cuius
1104 2245 1123 2268 a
1148 2236 1288 2269 saeculis

1026 2284 1138 2319 Claret
1162 2284 1357 2329 benignitas,

975 2334 1229 2368 Inaestimabilis

1024 2384 1197 2418 Gondonet
1221 2386 1327 2426 pietas

973 2434 1044 2467 Tua
1068 2444 1156 2468 nunc
1182 2432 1314 2468 famulis

1024 2485 1145 2526 Calpas
1171 2485 1378 2524 praeteritas.

1325 2540 1344 2569 2
