1650 2671
246 226 302 259 69.

250 651 306 684 70.

245 1073 300 1106 71.

241 1496 296 1529 72.

240 1920 296 1954 73.

237 2347 294 2381 74.

330 226 415 267 Ave,
442 225 667 267 magnitudine

383 276 445 316 Qui
473 283 506 307 es
532 273 680 308 infinitus

331 325 442 366 Atque
467 324 717 365 pulchritudine

380 373 470 407 Mira
494 373 678 415 redimitus,

331 424 402 457 Tuo
430 423 491 456 sim
516 423 684 456 iuvamine

380 472 518 513 Semper
543 472 778 517 praemunitus,

331 521 446 555 Hostis
472 530 515 553 ne
540 521 695 563 ligamine

380 571 503 605 Cariam
530 571 687 606 irretitus,

334 651 417 691 Ave,
445 650 713 691 prudentissime,

380 699 505 732 Doctor
530 699 721 741 ignorantis,

331 748 448 781 Mundi
476 757 512 780 se
538 748 769 788 spurcissimae

382 797 490 831 Noxis
517 797 711 830 oblectantis

331 846 502 879 Incentiva
527 846 653 886 perime

382 894 498 928 Carnis
524 895 714 937 petulantis,

331 944 420 984 Quae
445 944 588 985 vigorem
618 945 745 977 animae

379 994 533 1026 Prcmuut
560 996 593 1025 te
618 994 767 1026 amantis.

330 1074 412 1115 Ave,
443 1081 538 1114 quem
565 1073 735 1113 gentilium

379 1122 484 1163 Reges
512 1120 679 1162 sapienter

332 1171 479 1204 Credunt
501 1170 564 1202 Dei
589 1169 692 1203 filium

380 1220 424 1252 Et
449 1218 687 1259 indubitanter,

332 1269 456 1302 Stellae
480 1277 540 1308 per
566 1269 721 1301 indicium

377 1318 516 1351 Invento
543 1318 723 1358 gaudenter

328 1366 500 1399 Exhibent
525 1366 714 1408 obsequium

376 1416 422 1449 Et
449 1415 560 1447 colunt
584 1416 776 1456 prudenter.

324 1495 407 1538 Ave,
436 1494 491 1536 qui
518 1495 717 1536 conspiceris

374 1544 413 1577 In
440 1543 637 1577 aeternitate

323 1594 355 1626 A
382 1593 487 1626 beatis
514 1593 631 1625 animis

375 1642 659 1685 Incircnmvelate,

326 1693 459 1725 Amoris
485 1691 647 1724 incendiis

374 1741 436 1775 Uri
461 1749 580 1782 precor
605 1751 625 1773 a
650 1744 692 1781 te,

326 1791 475 1833 Namque
500 1799 633 1831 premor
660 1791 759 1832 vitiis,

374 1841 448 1873 Alsi
475 1840 623 1875 caritate.

324 1920 405 1963 Ave,
435 1919 525 1951 cuius
554 1919 696 1951 caelicae

373 1969 491 2003 Plebes
518 1968 558 2000 ob
585 1968 741 2001 honorem

325 2018 449 2051 Laudis
478 2016 656 2051 honorifice

374 2068 542 2101 Resonant
566 2070 724 2109 tenorem,

326 2117 441 2151 Carnis
466 2117 686 2158 Aethiopicae

372 2167 527 2201 Emunda
552 2167 735 2208 squalorem

322 2218 443 2259 Meque
468 2216 531 2258 legi
559 2216 672 2249 subice

370 2267 461 2302 Tuae
486 2275 548 2308 per
569 2276 725 2300 amorem.

323 2348 406 2388 Ave,
434 2355 530 2389 quem
556 2345 716 2380 cordiflua

371 2396 572 2430 Iubilatione

322 2446 438 2480 Laudo
466 2448 499 2478 et
523 2446 656 2479 assidua

370 2497 444 2530 Oris
473 2496 634 2539 cantione,

786 128 1028 163 —77-

950 876 1006 908 76.

951 1300 1007 1332 77.

949 1724 1004 1758 78.

949 2150 1005 2184 79.

1036 226 1252 260 Peccatorum
1280 234 1400 259 cernua

1087 276 1158 309 Tua
1183 275 1336 315 passione

1037 325 1177 369 Frange,
1207 333 1284 365 rogo
1313 333 1432 357 cernua

1087 373 1345 416 Supplicatione.

1002 480 1008 486 .
1036 455 1119 496 Ave,
1146 461 1240 495 quem
1266 453 1386 494 legalia

1086 502 1309 544 Comprobant
1335 511 1494 547 veracem,

1035 551 1216 584 Ducentem
1244 551 1344 584 ovilia

1085 601 1221 633 Terram
1248 600 1290 633 ad
1318 599 1471 642 feracem,

1037 650 1192 691 Reprime
1220 649 1329 681 civilia

1082 698 1187 739 Bella,
1216 698 1301 731 dona
1325 707 1438 739 pacem

1033 747 1085 780 Ac
1110 747 1235 789 repelle
1260 747 1341 779 vitia

1083 796 1285 838 Hostemque
1313 796 1483 830 bellacem.

1034 877 1117 915 Ave,
1148 875 1188 909 de
1212 885 1274 916 quo
1302 875 1446 909 meditor

1083 925 1156 958 Hae
1178 924 1214 956 in
1240 925 1434 966 psalmodia,

1036 974 1120 1007 Nam
1145 974 1272 1014 summi,
1300 972 1467 1018 profiteor,

1082 1023 1193 1057 Patris
1221 1031 1254 1054 es
1281 1023 1407 1064 sophia,

1034 1072 1115 1105 Esto
1144 1072 1369 1113 complacitior

1082 1121 1167 1155 Mihi
1193 1121 1225 1153 in
1252 1121 1315 1153 hac
1340 1121 1404 1162 via,

1036 1170 1192 1204 Omnibus
1218 1170 1367 1203 miserior

1084 1219 1217 1252 Miseris
1242 1229 1311 1251 sum
1339 1220 1424 1260 quia.

1035 1301 1115 1338 Ave,
1146 1299 1300 1332 alimonia

1082 1348 1351 1388 immortalitatis,

1033 1397 1142 1430 Corda
1168 1397 1298 1437 replens
1324 1398 1429 1438 gratia

1080 1447 1171 1480 Tuae
1198 1446 1355 1487 caritatis,

1032 1495 1196 1528 Virtutum
1222 1495 1362 1537 insignia

1080 1545 1218 1578 Praesta
1243 1545 1323 1577 mihi
1349 1546 1452 1586 gratis

1030 1593 1194 1627 Auferens
1218 1594 1343 1627 zizania

1078 1643 1177 1677 Meae
1202 1643 1386 1684 pravitatis.

1032 1724 1114 1767 Ave,
1143 1722 1290 1764 fraglans
1316 1721 1451 1757 fioscule

1082 1772 1217 1806 Caelicis
1245 1773 1278 1804 in
1305 1774 1416 1813 pratis,

1031 1822 1142 1856 Odore
1169 1831 1225 1854 cor
1250 1820 1361 1854 flebile

1079 1872 1223 1914 Replens
1248 1870 1436 1914 Sunamitis,

1031 1921 1082 1954 Sis
1108 1921 1364 1963 inexpugnabile

1080 1970 1212 2004 Scutum
1241 1971 1418 2015 tribulatis,

1029 2021 1060 2053 A
1086 2020 1251 2062 perversis
1278 2019 1396 2053 frivole

1078 2070 1285 2111 Multumque
1311 2071 1466 2112 gravatis.

1033 2151 1116 2193 Ave,
1144 2160 1161 2183 ο
1190 2149 1320 2183 vivifica

1077 2201 1190 2233 Virtus
1218 2199 1280 2233 Dei
1305 2201 1421 2245 patris,

1029 2250 1098 2290 Qua
1124 2248 1214 2283 facta
1240 2253 1291 2282 est
1316 2248 1445 2284 fabrica

1078 2299 1324 2340 Universitatis,

1029 2349 1106 2382 Tibi
1132 2358 1184 2382 me
1209 2348 1343 2384 vivifica

1080 2399 1183 2432 Prece
1208 2401 1285 2432 tuae
1308 2400 1434 2440 matris,

1031 2447 1162 2482 Gaudia
1187 2448 1269 2481 dans
1296 2449 1419 2481 caelica

1082 2499 1160 2531 Cum
1185 2498 1454 2539 praedestinatis.
