1650 2671
717 108 982 143 —146—

186 206 264 240 147.
284 206 408 248 Gaude,
420 206 511 247 virgo
525 205 615 237 cuius
627 205 799 238 virtutibus
863 207 944 240 149.
961 206 1087 248 Gaude,
1104 207 1207 248 virgo,
1223 214 1306 248 quae
1324 205 1390 245 iugi
1402 204 1529 236 cantico

280 256 483 296 Argumenta
509 255 689 287 succedunt
712 253 802 297 fidei,
960 254 1168 289 Collaudaris
1186 264 1246 297 per
1265 253 1346 288 caeli
1366 252 1503 291 incolas,

280 303 359 338 Tuis
370 304 473 337 sacris
484 304 641 338 virtutum
655 302 807 336 laudibus
957 303 1060 337 Sensu
1087 305 1194 337 carnis

276 353 330 386 Ad
344 362 486 395 superna
502 352 644 385 concede
657 352 806 394 provehi.
1029 363 1081 386 me
1099 352 1240 386 fructum
1264 351 1392 386 lubrico

179 412 261 445 148.
276 411 403 454 Gaude,
429 420 512 452 quae
536 410 571 442 in
956 401 1044 434 Loca
1067 402 1154 435 inter
1180 400 1429 443 paradisicolas.

349 460 438 492 caelo
463 458 621 499 virgineis
860 460 941 494 150.
960 458 1088 500 Gaude,
1110 469 1193 501 quae
1208 461 1363 494 virtutum
1378 458 1527 500 insigniis

278 509 393 542 Choris
420 517 537 549 praees
955 508 1147 542 Perornaris

349 560 382 590 et
405 557 527 590 sanctis
553 556 713 599 omnibus,
1028 567 1108 598 prae
1133 559 1256 591 sanctis
1282 557 1445 601 omnibus,

275 608 323 641 Te
348 607 539 639 laudantem
564 615 584 637 a
610 606 789 639 subitaneis
953 606 1002 639 Te
1018 607 1208 639 laudantem
1226 606 1363 639 sinceris
1381 606 1501 638 studiis

275 656 382 689 Huius
396 656 511 688 mundi
527 653 668 687 defende
680 655 819 689 casibus,
957 655 1132 688 Beatorum
1158 656 1257 697 iunge
1282 655 1465 697 spiritibus.

772 739 927 781 Parerga.

318 802 459 844 Super
489 803 778 845 Magnificat.
1005 803 1145 845 Super
1172 803 1258 844 Ego
1291 803 1400 836 dixi.

230 863 261 895 1.
277 864 360 902 Ave,
389 871 479 895 cums
506 862 640 896 effamen
669 863 787 896 cantici
906 863 938 897 6.
950 863 1032 903 Ave,
1050 863 1150 906 virgo,
1166 871 1226 902 per
1240 870 1336 903 quam
1350 862 1391 894 ab
1405 861 1522 894 inferis

277 911 382 953 Super
395 912 459 944 mel
473 917 570 954 atque
588 911 698 944 favum
712 912 850 952 redolet,
952 910 1040 943 Deus
1066 911 1223 952 praedam

276 961 341 993 Per
351 960 413 992 hoc
423 965 537 993 contra
546 961 666 993 bellum
681 960 852 1001 sophistici
1026 960 1159 993 reduxit
1184 960 1367 1004 plurimam,

276 1009 384 1041 Hostis
416 1010 518 1042 robur
954 1009 1035 1042 Cum
1062 1008 1169 1041 cubile
1193 1010 1327 1042 tumbae
1341 1009 1519 1053 intravero,

349 1058 482 1098 praebe,
511 1059 598 1098 quod
624 1059 780 1092 imminet.
952 1058 1007 1089 Ad
1025 1067 1167 1098 superna
1185 1058 1349 1098 perducas
1368 1059 1522 1091 animam.

290 1116 429 1156 Super
453 1116 575 1148 Nunc
608 1117 807 1149 dimittis.
1005 1115 1144 1157 Super
1169 1116 1398 1150 Exsultat.

229 1177 259 1208 2.
274 1176 356 1215 Ave,
376 1175 465 1207 euius
478 1184 538 1216 per
555 1179 693 1208 mentem
712 1175 856 1215 gladium
908 1177 939 1208 7.
953 1176 1036 1218 Ave,
1064 1183 1148 1216 quae
1170 1176 1381 1208 maledictum
1400 1175 1523 1208 sterilis

277 1224 525 1257 Transeundum
536 1225 704 1265 praedixit
715 1223 855 1264 Simeon,
952 1224 1098 1257 Evasisti
1125 1224 1290 1257 Christum
1316 1225 1515 1265 parturiens,

278 1273 334 1305 Me
360 1273 401 1305 ad
420 1276 508 1305 tuum
530 1275 720 1307 commenda
736 1272 852 1306 filium.
954 1274 1011 1306 Me
1036 1273 1186 1317 sublima,
1214 1283 1232 1306 o
1259 1274 1351 1314 virgo
1377 1274 1510 1316 nobilis,

280 1325 339 1356 Cui
367 1331 481 1354 nomen
511 1325 560 1355 est
585 1322 786 1356 homousion.
953 1323 1118 1355 Vitiorum
1142 1332 1163 1354 a
1187 1323 1256 1355 luto
1283 1322 1422 1363 erigens,

322 1380 461 1421 Super
486 1381 769 1415 Benedictus.
998 1381 1137 1423 Super
1164 1381 1409 1416 Cantemus

232 1441 263 1473 3.
279 1441 362 1477 Ave,
389 1440 551 1472 luminare
576 1439 733 1481 fidelium,
908 1441 940 1474 8.
955 1441 1037 1484 Ave,
1067 1441 1246 1482 gratiarum
1270 1441 1467 1482 mirophyla,

279 1490 346 1529 Quo
370 1489 491 1520 licebet
514 1496 630 1521 cavere
655 1489 819 1529 tenebras,
957 1489 1005 1521 Te
1017 1490 1190 1523 laudantes
1204 1494 1380 1523 venustans
1390 1490 1523 1534 affatim,

277 1537 334 1570 Me
359 1538 497 1570 reducas
522 1537 565 1569 ad
591 1541 679 1570 tuum
705 1535 807 1570 filium
957 1537 1075 1571 Coi-dis
1093 1539 1167 1577 mei,
1196 1548 1329 1582 quaeso,
1354 1540 1395 1573 ab
1414 1542 1527 1573 arcula

280 1586 491 1619 Peccatorum
516 1584 680 1619 foventem
704 1586 861 1620 latebras.
957 1587 1045 1620 Onus
1063 1596 1163 1630 grave
1180 1590 1331 1630 propelle
1351 1590 1527 1623 Philistim.

353 1644 491 1686 Super
528 1645 585 1678 Te
609 1645 749 1680 Deum.
1035 1646 1175 1688 Super
1201 1648 1375 1683 Audivi.

231 1707 263 1738 4.
278 1706 361 1744 Ave,
390 1705 480 1736 cuius
507 1713 562 1736 cor
587 1714 685 1745 super
711 1705 819 1737 omnia
914 1705 945 1738 9.
961 1706 1044 1747 Ave,
1071 1705 1178 1748 stella,
1205 1716 1343 1741 sucurre
1367 1708 1456 1750 algui

278 1755 379 1787 Amat
402 1757 540 1794 patrem,
957 1754 1080 1787 Mentis
1110 1757 1188 1787 tuae
1213 1756 1391 1797 splendore
1417 1759 1530 1802 rutilo,

352 1806 474 1845 natum,
502 1803 708 1846 paraclitum,
956 1804 1034 1836 Meo
1060 1804 1143 1837 assis
1172 1805 1214 1837 de
1237 1806 1359 1839 mundo
1384 1807 1447 1840 itui

278 1852 509 1893 Depromentis
535 1855 590 1884 tua
616 1852 793 1892 praeconia
957 1852 1167 1887 Sublevando
1193 1858 1331 1896 precatu
1357 1857 1484 1892 sedu10.

279 1901 342 1934 Cor
354 1900 496 1945 refrena,
509 1909 637 1942 precor,
647 1901 852 1937 indomitum.
964 1911 986 1944 S
996 1922 1017 1944 u
1026 1922 1047 1954 p
1059 1922 1077 1945 e
1086 1924 1104 1946 r
1127 1913 1189 1946 Au
1202 1915 1222 1946 d
1232 1915 1267 1947 it
1277 1924 1294 1948 e
1321 1924 1339 1947 0
1347 1925 1367 1948 a
1380 1916 1450 1952 eli·

328 1959 350 1993 S
361 1969 381 1991 Π
391 1969 413 2001 P
424 1969 468 1992 ΕΓ
495 1960 520 1994 O
530 1969 548 1992 0
557 1970 578 1992 Π
589 1959 623 1992 fi
632 1963 647 1993 ’ὓ
656 1970 674 1993 θ
683 1961 704 1993 b
715 1969 733 1993 0
743 1970 769 1996 Γ·
882 1971 938 2006 10.
951 1972 1036 2017 Ave,
1064 1974 1154 2005 cuius
1180 1974 1427 2016 magnificentia

232 2021 264 2052 5.
279 2020 360 2062 Ave,
387 2022 492 2052 mater
519 2019 641 2052 Christi
665 2018 847 2062 magnifica,
955 2020 1241 2056 Glaretcunctisin
1253 2024 1538 2068 mundipartibus,

278 2069 380 2108 Quam
408 2068 556 2102 collaudo
581 2070 715 2101 mentali
739 2068 852 2112 iubilo,
955 2070 1022 2102 Per
1045 2073 1080 2103 te
1104 2071 1185 2104 mihi
1211 2072 1382 2106 doctrinae
1408 2075 1523 2116 pluvia

278 2117 388 2149 Mores
406 2126 505 2157 meos,
525 2126 655 2159 quaeso,
675 2117 837 2160 modifica,
952 2118 1061 2159 Fluat,
1089 2121 1207 2153 mentis

279 2165 330 2198 Ne
355 2165 465 2198 hostili
492 2166 606 2200 cadam
631 2167 807 2200 tendiculo.
1026 2178 1091 2209 qua
1105 2169 1244 2202 munder
1260 2170 1427 2205 sordibus.

633 2244 775 2286 Super
797 2245 1077 2280 Benedicite.

516 2312 572 2347 11.
599 2313 681 2357 Ave,
706 2313 798 2354 virgo
825 2323 922 2355 quam
947 2313 1127 2347 honorifice

600 2361 806 2395 Benedicunt
831 2367 942 2396 creata
967 2363 1086 2408 omnia,

601 2410 712 2444 Servis
740 2411 802 2443 tuis
828 2421 889 2456 me,
918 2420 1046 2456 quaeso,
1076 2413 1180 2456 adice,

602 2460 664 2501 Qui
688 2460 898 2502 frequentant
922 2464 980 2493 tua
1004 2463 1193 2502 praeconia.
