1650 2671
185 210 217 243 9.
244 209 325 250 Ens‚
353 209 385 241 in
411 217 473 249 quo
499 207 636 241 firmiter

298 257 488 292 consistunt
513 259 630 301 omnia,

248 306 418 341 Gubernas
445 305 576 339 fortiter

294 357 383 397 Quae
408 355 627 399 providentia,

246 405 314 438 Nos
340 405 461 445 premit
485 405 595 437 viliter

294 453 408 486 Hostis
435 453 576 498 fallacia,

244 503 316 535 Tua
341 502 494 534 celeriter

294 552 395 593 Quam
421 550 526 592 pellat
550 551 668 593 gratia.

165 630 220 664 10.
249 630 273 663 O
302 629 532 671 supersapiens

294 678 418 719 Sophia
443 678 576 720 optima,

245 727 364 762 Calicis
390 727 533 769 largiens

293 776 382 809 Vina
407 776 606 820 dulcissima,

245 825 405 866 Repletur
430 825 544 858 sitiens

294 874 362 914 Quo
388 874 467 907 iusti
492 874 609 918 anima,

248 923 369 965 Legem
396 923 582 956 custodiens

293 971 407 1005 Mente
432 972 686 1014 promptissima.

163 1050 218 1084 11.
247 1050 272 1082 Ο
298 1059 425 1083 summa
448 1051 606 1084 sanctitas

291 1099 402 1139 Atque
426 1099 598 1142 munditia,

244 1148 312 1188 Qua
340 1147 436 1180 datur
460 1148 586 1189 puritas

290 1196 363 1228 Nec
385 1206 450 1229 non
475 1197 612 1237 iustitia,

242 1244 380 1278 Nostras
406 1245 603 1286 praeteritas

291 1293 411 1334 Calpas
438 1298 471 1327 et
495 1294 575 1327 vitia

240 1342 402 1375 Remittat
424 1343 554 1376 bonitas

292 1392 364 1424 Tua
390 1394 422 1423 et
447 1392 563 1433 gratia.

161 1469 220 1503 12.
247 1469 273 1503 O
298 1469 382 1502 lueis
408 1469 542 1503 claritas

291 1517 575 1561 Inconfuscabilis,

243 1567 342 1601 Cuius
366 1569 525 1600 serenitas

292 1616 588 1659 imperturbabilis,

243 1665 299 1697 Me
326 1668 441 1707 gravat
467 1667 606 1700 caecitas

291 1714 525 1755 Intolerabilis‚

243 1763 345 1804 Quam
371 1766 427 1796 tua
452 1763 558 1805 pietas

291 1812 402 1845 Tollat
427 1812 587 1847 amabilis.

246 1891 361 1925 Virtus
386 1891 575 1925 thearchica

294 1940 416 1973 Cuncta
442 1940 624 1982 perficiens?

243 1988 478 2023 Ecclesiastica

292 2039 424 2079 Quoque
449 2038 633 2083 instituens,

242 2087 324 2120 Esto
350 2087 559 2127 phantastica

291 2137 323 2168 A
348 2145 400 2168 me
426 2137 581 2180 abiciens,

245 2186 335 2226 Quae
359 2185 393 2217 vi
418 2184 567 2218 malefica

291 2232 397 2267 Infert
422 2234 593 2275 insipiens,

162 1892 218 1926 13.

160 2314 218 2349 14.
246 2313 270 2347 O
297 2312 471 2355 pulchrum
496 2313 643 2347 vividum

292 2363 339 2395 Et
366 2362 534 2407 diligibile,

241 2413 307 2446 Per
331 2413 440 2445 lumen
466 2412 673 2453 splendidum

293 2460 516 2503 Intelligibile‚

699 109 941 145 „12-

866 434 922 469 15.

865 856 921 889 16.

861 1276 917 1310 17.

863 1699 919 1732 18.

864 2121 919 2154 19.

952 208 1017 242 Cor
1041 218 1146 241 meum
1173 208 1358 250 squalidum

999 258 1042 292 Et
1070 257 1272 300 despicabile

949 306 1019 340 Fac
1044 307 1106 340 tibi
1131 307 1342 349 splendidum

996 355 1043 390 Et
1067 356 1261 390 habitabile.

951 435 976 469 Ο
1004 436 1061 468 lux
1083 434 1284 478 illuminans,

997 483 1069 517 Tua
1093 484 1241 525 potentia

952 532 1079 566 Cuncta
1103 531 1273 566 vivificans

998 580 1046 615 Et
1070 580 1185 614 fovens
1211 581 1330 622 omnia,

950 630 1002 663 Sis
1028 632 1142 664 nostra
1167 630 1342 664 sublevans

1000 678 1108 713 Corda
1133 680 1325 721 maerentia,

950 728 1033 761 Caro
1054 728 1227 761 tabificans

995 778 1085 819 Quae
1109 776 1193 810 facit
1216 777 1339 811 saucia.

946 856 971 889 Ο
999 854 1226 888 substantifica

997 904 1194 946 Summaque
1219 904 1360 947 bonitas,

953 952 1052 986 Cuius
1080 951 1218 986 mirifica

998 1001 1243 1044 Essentialitas,

948 1050 1187 1084 Ecclesiastica

999 1099 1049 1133 Te
1074 1099 1190 1132 laudat
1215 1100 1333 1141 pietas,

949 1147 1052 1181 Modo
1082 1148 1274 1181 daemonica

995 1198 1099 1238 Quam
1126 1200 1243 1238 gravat
1272 1198 1432 1238 pravitas.

946 1276 972 1309 O
997 1275 1170 1316 pulchrum
1197 1276 1346 1308 omnibus

995 1323 1239 1365 Desiderabile,

947 1372 1088 1405 Summis
1115 1372 1287 1414 spiritibus

995 1421 1283 1466 Superlaudabile,

944 1471 985 1504 In
1010 1474 1044 1503 te
1070 1470 1281 1504 credentibus

996 1519 1270 1561 Concupiscibile,

946 1568 1081 1602 Devotis
1107 1568 1271 1602 mentibus

996 1618 1133 1658 Semper
1159 1618 1312 1652 amabile.

947 1698 972 1731 O
1000 1706 1127 1730 summa
1155 1697 1260 1731 deitas

996 1745 1123 1780 Cuncta
1146 1747 1364 1793 prospiciens,

950 1795 1048 1829 Cuius
1075 1798 1126 1828 est
1148 1795 1255 1837 pietas

994 1845 1169 1886 Nunquam
1197 1844 1362 1891 deficienS,

946 1894 1000 1927 Sis
1026 1894 1145 1927 mentis
1170 1893 1318 1928 latebras

995 1943 1094 1977 Meae
1121 1944 1312 1987 discutiens,

947 1993 1000 2026 Ab
1027 2001 1065 2025 ea
1090 1992 1258 2026 morbidas

998 2042 1119 2082 Culpas
1147 2041 1279 2076 eiciens.

948 2122 1034 2154 Vere
1059 2120 1257 2153 homotheon

996 2170 1043 2203 Es
1069 2169 1292 2212 singulariter,

948 2218 1008 2252 Cui
1033 2218 1341 2259 Tetragrammaton

996 2268 1125 2300 Nomen
1149 2269 1314 2303 veraciter

948 2317 1068 2357 Datur,
1096 2326 1156 2350 nos
1184 2317 1226 2350 de
1244 2318 1322 2352 Sion

998 2366 1085 2399 Tuta
1109 2365 1257 2409 realiter,

948 2416 1002 2449 Ne
1027 2412 1156 2448 foetens
1178 2416 1334 2450 Acheron

999 2467 1095 2499 voret
1118 2464 1274 2501 finaliter.
