1650 2671
674 119 937 156 -221-

138 221 197 256 81.
224 221 309 263 Ave,
336 219 449 254 mundi
475 219 591 253 inclita

272 270 461 311 Potensque
486 269 648 312 Augusta,

223 319 311 352 Olim
335 317 440 360 stirpe
463 318 574 360 genita

271 368 370 401 Adae
397 368 438 401 de
464 370 604 409 vetusta,

223 416 290 451 Sed
317 426 482 459 nunquam
509 426 569 458 per
597 417 709 451 debita

273 465 443 500 Scelerum
469 468 598 506 onusta,

226 514 295 548 Sed
321 515 427 548 multa
452 523 514 557 per
542 515 661 549 merita

278 563 415 598 Gratiae
439 568 588 600 venusta.

144 644 201 678 82.
230 644 314 687 Ave,
340 642 546 676 admirabilis

281 693 382 735 virgo
409 692 468 725 sed
495 690 648 731 fecunda,

231 741 292 774 Cui
317 741 352 774 in
380 742 506 774 cunctis
533 741 673 775 saeculis

277 790 379 824 Nulla
405 792 457 822 est
481 790 639 829 secunda,

231 838 297 872 Cor
320 847 428 871 meum
454 848 475 870 a
500 839 636 871 maculis

281 887 462 922 Criminum
490 887 630 919 emunda

233 936 448 977 Omniumque
474 935 578 968 titulis

280 984 447 1018 Virtutum
473 983 629 1019 fecunda.

147 1066 206 1099 83.
232 1064 316 1103 Ave,
342 1063 590 1096 tabernaculum

281 1112 422 1146 Factum
449 1112 593 1153 deitatis,

231 1162 271 1195 In
299 1171 362 1202 quo
387 1161 488 1194 solvit
511 1162 676 1194 saeculum

284 1210 435 1245 Christus
462 1220 482 1243 a
508 1210 663 1253 peccatis,

235 1259 345 1303 Solve,
372 1268 501 1304 precor,
531 1259 695 1293 vinculum

285 1309 382 1342 Meae
408 1309 594 1352 pravitatis,

234 1358 321 1392 Mihi
348 1357 570 1391 habitaculum

282 1408 376 1441 Dans
403 1407 619 1440 aeternitatis.

126 1504 129 1507 -
150 1486 207 1521 84.
234 1486 318 1528 Ave,
345 1494 426 1527 ager
452 1485 593 1519 caelicae

286 1534 545 1576 Benedictionis‚

235 1583 378 1618 Florens
404 1584 438 1618 vi
466 1582 602 1617 deificae

282 1633 522 1676 Miserationis,

234 1682 301 1716 Per
327 1681 468 1717 fructum
498 1682 680 1716 dominicae

286 1731 529 1765 Incarnationis

237 1781 331 1815 Evae
355 1790 496 1822 poenam
522 1781 617 1813 abice

288 1830 547 1863 Maledictionis.

155 1911 214 1945 85.
241 1910 327 1951 Ave,
354 1908 411 1942 fax
437 1908 626 1942 illuminans

293 1958 403 1992 Corda
429 1957 614 2000 tenebrosa,

242 2007 296 2042 Ab
324 2007 392 2040 illis
420 2007 592 2040 eliminans

298 2056 425 2091 Cuncta
453 2057 579 2101 vitiosa,

244 2106 358 2140 Meum
385 2106 431 2139 sis
456 2104 653 2150 laetificans,

291 2156 403 2190 Mater
428 2156 584 2199 gratiosa,

244 2205 291 2240 Ut
317 2214 448 2247 semper
474 2202 688 2246 magnificans

294 2255 346 2290 Sit
371 2261 405 2290 te
430 2254 586 2298 gloriosa.

158 2337 216 2372 86.
244 2336 328 2379 Ave,
358 2336 473 2369 domus
499 2342 600 2368 aurea

299 2385 425 2420 Civitas
451 2386 592 2429 murata,

249 2434 301 2469 Tu
326 2433 475 2468 fenestra
497 2434 606 2469 vitrea

294 2484 371 2517 Sole
396 2484 537 2524 radiata,

930 220 1016 263 Mea,
1044 219 1107 264 fac,
1136 221 1203 254 sint
1229 230 1348 255 carnea

980 269 1070 303 Vitia
1096 269 1236 313 sublata,

931 319 979 353 Ut
1003 328 1094 352 mens
1119 319 1165 353 ad
1190 320 1344 353 aetherea

982 368 1119 410 Semper
1145 369 1189 401 sit
1213 369 1333 403 levata.

850 447 907 481 87.
936 448 1019 490 Ave,
1045 456 1128 489 quae
1154 448 1318 490 regalibus

985 497 1065 530 Orta
1090 497 1280 537 parentelis‚

937 545 1088 579 Salutate
1113 545 1246 579 vocibus

985 594 1099 628 Sancti
1125 593 1301 638 GabrieliS,

936 642 1023 676 Meis
1049 652 1161 675 aurem
1186 643 1339 683 precibus

986 691 1152 724 Inclinare
1181 692 1270 736 velis,

936 739 1063 772 Fodior
1088 740 1143 780 qui
1168 740 1297 782 iugibus

986 788 1115 821 Inimici
1141 789 1228 821 telis.

854 865 911 899 88.
939 865 1021 907 Ave,
1049 864 1283 899 fecundissima

987 913 1098 947 Mater
1123 914 1229 947 Deum
1255 915 1401 958 gignens,

941 964 1086 1004 Corpore
1111 966 1144 995 et
1169 963 1278 996 anima

990 1011 1091 1054 Virgo
1118 1021 1248 1053 semper
1274 1022 1419 1055 manens,

940 1060 1038 1094 Meae
1064 1060 1181 1094 mentis
1206 1062 1322 1094 intima

990 1111 1042 1143 Ita
1066 1109 1111 1143 sis
1139 1110 1327 1153 disponens,

941 1158 988 1193 Ut
1012 1159 1056 1192 sit
1079 1160 1316 1193 iucundissima

989 1208 1071 1249 Legi
1098 1208 1151 1241 dei
1178 1218 1307 1250 parens.

857 1288 912 1320 89.
940 1287 1023 1330 Ave,
1051 1286 1210 1330 splendor
1236 1289 1391 1321 mentium

994 1336 1041 1369 Et
1065 1336 1281 1370 illuminatrix

942 1387 1054 1427 Atque
1076 1386 1298 1419 innocentium

994 1435 1143 1468 Omnium
1170 1437 1323 1478 amatrix,

945 1484 1050 1519 Carne
1077 1484 1305 1518 decedentium

994 1533 1079 1566 Illuc
1104 1534 1149 1566 sis
1179 1534 1331 1579 delatum,

944 1582 1013 1618 Ubi
1036 1583 1071 1615 in
1097 1586 1294 1625 perpetuum

993 1632 1123 1674 Regnas
1148 1633 1355 1674 imperatrix.

860 1713 918 1746 90.
945 1713 1029 1754 Ave,
1055 1712 1291 1753 praeamabilis

994 1761 1161 1794 Mundiali
1185 1771 1279 1806 ger,

947 1809 1049 1852 Virgo
1076 1811 1285 1852 venerabilis,

995 1859 1108 1893 Mater
1133 1860 1204 1893 sine
1229 1860 1309 1902 viro,

948 1908 1030 1942 Cum
1055 1909 1116 1942 sub
1144 1909 1262 1952 culpae
1290 1910 1429 1943 vinculis

1000 1957 1155 1991 Graviter
1180 1959 1322 2000 suspiro,

950 2007 1043 2040 Tunc
1068 2007 1128 2040 sub
1156 2008 1220 2041 tuis
1247 2009 1391 2051 scapulis

998 2056 1151 2090 Dulciter
1174 2058 1312 2100 respiro.

868 2135 923 2168 91.
956 2135 1034 2176 Ave,
1062 2144 1119 2168 vas
1147 2136 1339 2170 clementiae

1000 2185 1137 2225 vasque
1162 2185 1306 2230 pietatis,

955 2233 1081 2266 Cedrus
1109 2234 1300 2276 pudicitiae,

1003 2283 1134 2324 Myrtus
1158 2284 1315 2328 lenitatis⁷

955 2332 1137 2373 Cupressus
1165 2332 1372 2379 fraglantiae,

1004 2381 1138 2416 Nardus
1166 2384 1324 2427 caritatis,

955 2431 1072 2465 Palma
1095 2433 1290 2477 patientiae,

1005 2481 1115 2514 Limes
1142 2484 1328 2523 aequitatis.
