1650 2671
208 237 265 270 48.

209 638 265 670 49.

211 939 266 973 51.

208 1342 263 1374 52.

207 1741 262 1773 53.

206 2142 261 2176 54.

734 140 999 176 -218—

291 236 373 280 Ave,
401 241 505 270 mater
531 237 666 281 gratiae,
997 239 1133 271 Praesta
1160 239 1223 271 tuis
1251 238 1382 271 famulis

341 286 414 318 Ave
439 285 512 318 fons
538 285 665 325 salutis,
1043 288 1106 320 Per
1132 287 1168 319 id
1194 296 1324 321 carmen
1352 287 1461 324 breve,

291 333 453 367 Haustum
474 334 657 376 sapientiae
994 335 1045 367 Ne
1070 334 1172 367 finitis
1198 336 1338 368 saeculis

339 381 425 416 Fide
452 383 533 416 dans
559 378 702 427 imbutis,
1043 384 1134 416 Parti
1159 384 1273 417 demur
1294 385 1419 417 laevae.

290 431 381 471 Rege
405 440 465 472 Pffl‘
489 431 635 464 iustitiae
911 444 966 475 50.
995 442 1077 479 Ave,
1107 441 1286 474 consolatio

340 478 469 513 Donum
497 483 530 511 et
554 479 685 513 virtutis
1043 489 1219 530 Meumque
1244 491 1403 529 levamen,

292 529 418 562 Statum
446 529 651 570 ignorantiae
994 539 1048 572 EX
1075 538 1165 570 cujus
1192 539 1334 579 suscipio

338 577 436 610 Meae
461 577 649 610 senectutis.
1044 587 1138 620 Dono
1165 594 1368 628 recrea-men,

293 638 375 679 Ave,
403 646 479 669 rosa
503 636 622 669 nobilis
993 637 1058 677 En,
1085 636 1128 668 ad
1153 638 1187 667 te
1213 634 1364 676 confugio

341 684 393 718 De
417 685 555 726 spinetis
581 685 673 719 Evae
1042 685 1147 718 Tuum
1176 684 1387 718 defensamen

292 734 383 778 Orta,
412 744 525 767 carens
551 735 688 768 maculis
995 735 1127 777 Petens,
1155 742 1196 766 ne
1220 743 1281 775 pro
1308 733 1397 766 vitiis

342 783 407 817 Sed
433 784 549 824 culpae
570 785 769 826 primaevae,
1044 783 1164 816 Poenis
1190 783 1315 817 tradar.
1366 783 1484 815 Amen.

672 872 988 913 Quinquagena
1014 872 1058 906 ΙΙ.

293 940 375 982 Ave„
404 939 476 972 fons
501 940 647 972 laetitiae
909 942 963 975 55.
992 941 1073 984 Ave,
1102 942 1207 972 mater
1234 940 1383 973 nesciens

342 988 519 1030 Omnisque
545 988 698 1030 dulcoris,
1041 989 1158 1021 Virum
1183 989 1216 1021 in
1245 991 1405 1029 conceptu

292 1036 405 1070 Stillas
432 1036 572 1070 fundens
599 1039 725 1078 gratiae
994 1038 1187 1078 Gaudioque
1209 1038 1341 1079 pariens

340 1086 379 1119 In
406 1096 462 1119 cor
487 1086 679 1131 peccatoris,
1042 1086 1218 1127 Christum,
1246 1096 1311 1119 non
1339 1095 1411 1118 cum
1436 1084 1524 1131 fletu,

289 1134 414 1177 Abigas
440 1135 585 1168 malitiae
991 1136 1073 1169 Esto
1099 1144 1159 1168 nos
1186 1136 1328 1176 eripiens

342 1183 464 1217 Causas
491 1187 524 1216 et
549 1184 680 1228 erroris,
1041 1185 1071 1217 A
1096 1184 1255 1217 malorum
1283 1187 1376 1217 coetu

294 1232 371 1272 Quis
397 1242 528 1275 premor
555 1233 676 1265 cotidie
990 1234 1035 1266 Et
1061 1234 1095 1266 in
1120 1232 1186 1265 fine
1211 1234 1377 1266 redimens

337 1282 430 1314 Intus
457 1284 556 1322 atque
579 1279 671 1315 foris.
1039 1284 1071 1315 A
1096 1282 1264 1323 gehennae
1289 1286 1389 1316 metu.

291 1341 373 1381 Ave,
401 1340 492 1373 sidus
518 1340 636 1381 nobile,
909 1342 965 1375 56.
993 1342 1074 1381 Ave,
1103 1339 1202 1373 fontis
1229 1341 1356 1382 gratiae

342 1388 446 1422 Tuum
474 1398 534 1431 per
559 1387 718 1429 fulgorem
1040 1390 1143 1422 R-ivus
1168 1389 1335 1433 salutaris7

292 1437 393 1470 Omne
418 1437 534 1479 fugans
560 1435 671 1471 flebile
991 1438 1080 1478 Quae
1105 1438 1354 1471 misericordiae

339 1485 517 1527 Hostisque
541 1486 710 1520 horrorem
1038 1487 1149 1520 Mater
1175 1487 1392 1527 praedicaris,

293 1535 359 1568 Cor
387 1535 607 1568 abominabile
990 1537 1090 1571 Unde
1114 1535 1155 1569 ab
1184 1536 1342 1569 ecclesiae

338 1584 449 1616 Meum
476 1584 516 1616 ob
543 1582 699 1617 foetorem
1040 1585 1135 1617 Filiis
1161 1585 1318 1626 laudaris,

291 1631 456 1665 Scelerum
483 1631 536 1665 fac
562 1632 671 1666 habile
991 1634 1057 1667 Pro
1084 1634 1200 1675 quibus
1228 1638 1259 1667 et
1286 1634 1410 1676 gloriae

336 1682 391 1715 Ad
417 1682 479 1714 Dei
505 1690 657 1715 amorem.
1039 1682 1160 1723 Regem
1189 1682 1387 1724 deprecaris.

290 1741 371 1779 Ave,
401 1741 522 1774 Christi
550 1740 682 1773 Domini
908 1743 963 1776 57.
992 1742 1074 1785 Ave,
1104 1741 1187 1774 caeli
1211 1743 1329 1783 lilium,

336 1789 446 1822 Mater
472 1794 570 1830 atque
595 1790 705 1823 nutrix
1039 1790 1170 1824 Laudes
1195 1800 1303 1833 pango
1330 1791 1392 1834 cui,

292 1836 488 1879 Cunctisque
515 1838 696 1871 discrimini
990 1840 1205 1873 Benedictum
1231 1839 1346 1883 filium,

338 1886 433 1920 Datis
458 1888 514 1928 pia
539 1887 653 1929 tutrix,
1040 1888 1198 1921 Fructum
1225 1890 1350 1923 ventris
1377 1889 1435 1930 tui,

291 1935 398 1976 Digne
420 1939 532 1969 nostro
559 1936 688 1969 crimini
993 1939 1144 1971 Monstra
1169 1939 1263 1972 nobis
1294 1939 1488 1980 praemium,

339 1984 466 2018 Poenae
491 1986 535 2018 sis
562 1985 702 2019 solutrix
1039 1988 1108 2027 Quo
1135 1989 1299 2028 possimus
1326 1987 1393 2020 frui

287 2033 426 2068 Dicens:
455 2034 684 2080 Consolamini‚
991 2037 1252 2078 Contemplando
1279 2038 1431 2079 gaudium

340 2082 461 2116 Vestra
486 2093 558 2115 sum
584 2084 739 2118 adiutrix.
1040 2085 1177 2126 Semper
1202 2087 1312 2120 vultus
1336 2087 1397 2120 sui.

290 2142 373 2185 Ave,
402 2142 508 2182 campi
532 2142 646 2186 lilium,
909 2145 966 2179 58.
993 2144 1076 2183 Ave,
1105 2144 1213 2177 Deum
1239 2145 1373 2186 pariens

339 2189 417 2223 Flos
445 2191 651 2232 virginitatis,
1040 2191 1138 2225 Felix
1166 2197 1329 2237 creatura,

289 2238 385 2271 Satus
411 2249 472 2280 per
498 2240 668 2273 consilium
991 2241 1056 2274 Sed
1083 2242 1245 2282 pudorem
1271 2243 1417 2275 retinens

339 2287 479 2321 Sanctae
503 2288 671 2332 trinitatis,
1042 2290 1141 2331 Virgo
1167 2299 1303 2323 manens
1331 2301 1427 2334 pura,

288 2337 389 2371 Placa
413 2340 504 2369 tuum
528 2335 631 2369 filium
993 2341 1021 2372 A
1047 2348 1101 2371 me
1125 2339 1171 2371 sis
1198 2340 1343 2374 abiciens

338 2386 501 2419 Offensum
529 2387 692 2426 pecccatis
1039 2388 1165 2422 Cuncta
1191 2390 1343 2424 nocitura

286 2436 333 2469 Et
357 2438 490 2477 praesta
515 2435 671 2468 auxilium
990 2437 1050 2470 Uti
1076 2436 1136 2469 tibi
1162 2439 1309 2472 serviens

336 2485 455 2519 Animo
480 2484 632 2518 turbatis,
1038 2485 1150 2520 Mente
1175 2487 1236 2520 sim
1263 2498 1390 2523 secura.
