1650 2671
192 218 246 251 31.
279 217 385 251 Causa
410 217 541 250 vivifica

184 640 240 673 32.

181 1059 238 1092 33.

180 1480 236 1513 34.

177 1900 233 1933 35.

177 2323 235 2357 36.

319 267 443 300 Rerum
468 267 658 307 viventium,

270 316 309 348 In
335 315 448 348 mundi
474 314 601 348 fabrica

318 365 387 398 Iam
414 364 649 405 exsistentium,

268 415 307 447 In
332 421 384 445 me
408 412 570 446 mortifica

319 462 434 495 Carnis
459 461 659 503 incendium,

266 511 349 544 Post
374 513 511 543 mortem
538 512 669 553 applica

316 560 374 593 Me
399 560 489 601 gregi
517 561 677 593 caelitum.

268 640 355 672 Vere
379 639 580 679 principium

314 688 361 721 Es
386 687 561 730 ineffabile,

265 737 331 770 Per
357 745 482 770 omnem
510 737 658 777 spiritum

316 785 553 826 Inattingibile‚

267 834 332 867 Per
357 837 392 866 te
412 834 551 874 initium,

313 883 383 916 Ens
409 892 427 915 ο
452 883 630 925 laudabile,

265 932 374 965 Habet
399 930 581 972 proficuum

315 981 417 1014 Omne
443 981 595 1016 creabile.

268 1059 292 1092 O
319 1067 444 1091 summa
470 1059 600 1092 trinitas

314 1107 437 1141 Carens
462 1107 555 1140 initio

263 1156 420 1197 Fineque,
447 1156 569 1188 veritas

312 1205 419 1238 {Docet
444 1207 477 1236 et
501 1205 609 1244 lectio,

265 1254 341 1286 Tibi
366 1253 409 1285 sit
436 1253 568 1285 claritas

311 1303 356 1335 Et
382 1302 578 1343 benedictio,

263 1351 315 1384 Sis
341 1350 434 1384 nobis
461 1351 583 1383 sanitas

312 1401 422 1441 Atque
446 1400 620 1440 protectio.

264 1479 289 1512 O
316 1477 544 1511 substantifica

314 1527 430 1567 Causa,
455 1527 653 1568 principium

261 1577 301 1609 ln
325 1575 439 1608 mundi
465 1574 592 1609 fabrica

310 1626 380 1658 Iam
406 1625 622 1669 existentium,

262 1674 358 1706 Vires
384 1673 546 1706 mortifica

310 1723 380 1756 lam
406 1724 671 1763 persequentium

260 1772 300 1805 In
324 1773 399 1804 aula
425 1772 548 1804 caelica

310 1821 402 1854 Dans
428 1820 521 1853 nobis
547 1820 707 1853 bravium.

260 1899 386 1932 Lumen
415 1899 456 1931 de
480 1899 604 1931 lumine

312 1950 396 1983 Vere
423 1948 631 1989 describeris,

262 1998 323 2038 Qui
348 1997 438 2030 velut
462 1996 598 2029 fulmine

308 2047 487 2080 Perversos
515 2047 665 2089 conteris,

261 2095 384 2128 Trusos
410 2104 430 2127 a
454 2095 594 2127 culmine

311 2144 456 2186 supremi
482 2144 634 2187 aetheris,

259 2194 300 2227 In
326 2193 522 2227 iudicamine

308 2242 504 2284 mergendos
529 2240 657 2277 inferis

261 2323 285 2356 Ο
313 2324 426 2355 sancte
451 2322 587 2362 spiritus

307 2371 355 2405 Et
378 2369 452 2403 fons
478 2371 679 2414 clementiae,

257 2420 432 2454 Descende
457 2420 593 2452 caelitus

306 2471 361 2504 Ad
387 2478 498 2503 servos
525 2469 633 2510 hodie,

728 117 973 154 -14—

889 444 945 478 37.

885 866 941 899 38.

882 1285 939 1317 39.

879 1705 936 1738 40.

879 2127 936 2161 41.

976 217 1082 259 Reple
1108 218 1264 251 divinitus

1025 277 1085 300 nos
1112 268 1206 301 donis
1233 268 1359 309 gratiae

976 316 1136 350 Tollendo
1162 317 1293 358 penitus

1025 375 1139 399 causas
1165 366 1321 399 malitiae.

972 444 1069 477 Pacis
1095 445 1223 477 initium

1021 494 1211 534 Auctorque
1235 496 1445 535 praepotens,

971 541 1019 575 Te
1045 543 1271 575 venerantium

1026 591 1134 625 Corda
1160 591 1391 632 communiens,

972 639 1023 672 Sis
1050 639 1296 673 adversantium

1019 688 1177 721 Molimen
1203 688 1338 730 abigens

968 737 1124 770 Amorem
1149 741 1295 770 mutuum

1016 786 1061 818 Et
1086 787 1169 827 ipsis
1196 785 1378 820 conferens.

970 864 1050 898 Vita
1074 864 1234 897 mirabilis

1016 913 1177 948 Vivorum
1204 913 1338 955 entium,

968 961 1195 1003 Ineloquibilis

1016 1010 1152 1052 Linguis
1178 1011 1376 1052 mortalium,

967 1059 1091 1092 Tamen
1117 1059 1268 1092 amabilis

1016 1108 1123 1140 Menti
1149 1108 1354 1141 credentium

966 1156 1012 1188 Et.
1035 1157 1227 1197 appetibilis

1016 1205 1081 1238 Per
1108 1205 1320 1238 desiderium.

967 1284 993 1317 O
1020 1292 1119 1325 super
1145 1284 1254 1316 onmia

1015 1332 1211 1374 Summaque
1236 1332 1379 1377 trinitas,

965 1381 1067 1421 Quam
1093 1381 1337 1422 simplicissima

1015 1430 1167 1463 Conectit
1190 1430 1309 1470 unitas,

964 1478 1069 1511 Nobis
1096 1479 1291 1520 adproxima

1013 1528 1079 1560 Per
1104 1531 1176 1560 tuas
1203 1528 1338 1570 gratias,

965 1576 1050 1616 Quos
1076 1578 1199 1618 premit
1222 1577 1367 1617 pessima

1011 1625 1130 1659 Mundi
1157 1626 1332 1667 cupiditas.

966 1704 991 1737 O
1018 1703 1166 1737 filialitas

1012 1753 1152 1786 Aeterni
1175 1753 1246 1796 filii,

965 1802 1026 1836 Cui
1052 1805 1085 1835 et
1109 1802 1291 1844 aequalitas

1015 1851 1072 1884 Sui
1098 1852 1263 1896 principii,

964 1900 1128 1934 Absolvat
1152 1902 1258 1942 pietas

1013 1949 1138 1983 Summi
1162 1950 1293 1984 consilii

965 1998 1123 2032 Ferentes
1150 2001 1276 2033 animas

1013 2049 1109 2090 Ignes
1134 2049 1292 2083 incendii.

963 2126 988 2160 Ο
1016 2125 1089 2159 fons
1117 2127 1298 2160 clarissime

1011 2175 1154 2209 Divinae
1179 2177 1315 2219 gratiae,

962 2224 1101 2257 Hortum
1129 2226 1296 2259 uberrime

1012 2273 1136 2315 Rigans
1162 2275 1331 2318 ecclesiae,

964 2322 1091 2356 Munda
1118 2324 1274 2357 citissime

1012 2372 1070 2404 Me
1095 2383 1115 2406 a
1140 2374 1287 2415 sorditie,

965 2424 1067 2461 Quam
1094 2425 1231 2456 causant
1255 2424 1399 2464 pessime

1013 2470 1133 2504 Hostes
1159 2472 1335 2514 nequitiae.
