1650 2671
216 220 273 254 67.
288 219 373 259 Ave,
400 226 520 258 sponsa
546 216 734 258 spiraminis

287 266 465 307 Omnisque
491 275 610 307 expers
638 267 792 308 oriminis,

283 314 448 350 Efficaces
476 325 515 348 ex
543 324 643 356 opere

284 366 355 398 Fac
380 374 439 397 nos
467 365 580 399 divino
606 374 752 399 munere.

210 456 267 489 68.
283 455 367 493 Ave,
397 455 489 496 virgo
516 454 677 498 amabilis,

285 504 347 538 Cui
372 504 483 545 proles
508 503 670 537 mirabilis

283 555 365 587 Post
387 553 505 586 mortis
530 562 609 585 suae
631 552 776 594 gladium

280 603 471 643 Resurgens
500 602 594 635 dedit
618 601 784 643 gaudium.

209 692 266 725 69.
281 693 365 734 Ave,
393 694 500 724 mater
526 700 545 723 o
572 694 695 735 tenera,

281 740 460 774 Sublevata
485 740 528 774 ad
554 740 677 780 sidera,

284 789 335 823 Sis
361 790 511 822 iuvamen
541 789 722 821 colentibus

282 839 329 871 Te
355 838 494 871 sinceris
520 836 702 871 affectibus,

206 928 261 961 70.
276 928 360 967 Ave,
389 926 480 958 euius
506 925 684 966 hospitium

280 975 413 1009 Ventris
440 985 500 1016 per
527 974 610 1007 caeli
636 974 784 1007 nuntium

279 1025 389 1066 Elegit
414 1024 477 1058 Dei
502 1024 601 1065 filius,

279 1075 425 1108 Exstans
443 1073 564 1106 mundo
592 1073 767 1114 propitius,

207 1164 263 1197 71.
278 1164 362 1200 Ave.
392 1163 496 1195 vellus
522 1162 685 1203 Ieroboal,

281 1214 445 1246 Intaotum
474 1211 564 1244 cuius
586 1211 728 1252 virginal

280 1262 400 1303 Regem
428 1261 523 1294 nobis
550 1261 743 1293 elementiae

279 1311 373 1345 Parit
399 1313 498 1352 atque
518 1309 672 1344 iustitiae.

206 1401 263 1434 72.
280 1402 361 1439 Ave,
389 1400 456 1443 lux,
483 1399 571 1432 cuius
597 1399 719 1431 lumine

275 1449 464 1483 Procelloso
493 1449 533 1482 de
559 1447 690 1481 turbine

275 1497 496 1532 Sublevantur
520 1497 696 1531 insontium

278 1547 389 1581 Corda
411 1547 455 1580 ad
478 1550 512 1580 te
538 1546 758 1580 clamantium.

200 1638 256 1670 73.
271 1638 357 1676 Ave,
387 1637 477 1669 cuius
503 1637 661 1669 memoria

272 1687 395 1720 Mentis
421 1689 582 1728 purgatur
608 1687 725 1729 scoria⁷

272 1737 338 1770 Per
364 1738 454 1768 tuum
480 1735 700 1777 patrocinium

273 1786 429 1818 Nostrum
457 1786 550 1819 salva
576 1785 759 1826 collegium.

199 1875 254 1909 74.
273 1875 356 1915 Ave,
384 1883 467 1914 quae
493 1883 552 1907 nos
577 1873 748 1914 laetificas,

274 1923 354 1957 Cum
382 1928 420 1955 ut
444 1924 520 1956 vitis
546 1921 738 1964 fructificas,

271 1973 358 2007 Meri
385 1973 565 2014 propinans
592 1973 727 2005 calicem

273 2022 390 2057 Cordis
418 2021 621 2065 frangentem
649 2023 785 2058 silicem.

196 2109 351 2146 75.Ave‚
378 2116 476 2149 quam
502 2106 587 2140 vatis
614 2107 744 2148 gladius

272 2155 431 2191 Confodit
456 2157 531 2190 olim
561 2157 679 2201 acrius,

268 2208 352 2241 Nam
380 2206 475 2240 dolor
501 2210 532 2240 et
559 2207 697 2240 tristitia

266 2257 352 2291 Sunt
376 2257 526 2291 omnibus
555 2257 750 2289 communia.

193 2344 248 2377 76.
264 2344 346 2384 Ave,
375 2345 538 2375 rectorum
565 2342 682 2384 gloria,

265 2392 362 2426 Cuius
389 2392 455 2434 iugi
482 2392 641 2425 memoria

264 2441 490 2475 Exhilarescit
512 2442 638 2475 animus

265 2492 388 2525 Amore
415 2492 474 2524 tibi
500 2491 644 2527 intimus,

859 118 927 155 175
981 140 1026 144 —

918 219 974 254 77.
989 219 1071 263 Ave,
1098 221 1205 252 mater
1232 219 1390 261 virginea,

989 268 1072 301 Feta
1097 268 1192 311 prole
1217 269 1382 307 aetherea,

989 318 1045 351 Me
1072 317 1152 351 caeli
1180 318 1271 358 reple
1300 317 1440 359 dapibus

989 366 1148 408 Supernis
1175 375 1244 399 cum
1272 367 1486 408 principibuS.

917 455 1070 496 78.Ave‚
1097 463 1194 495 quam
1219 456 1461 496 imperterritus

991 503 1155 537 Fidelium
1184 505 1346 541 exercitus

989 553 1167 586 Collaudat
1186 553 1396 595 unanimiter,

989 602 1090 641 Quem
1117 602 1238 635 adiuva
1263 602 1423 638 hilariter.

915 690 970 722 79.
985 692 1068 733 Ave,
1098 699 1239 730 superno
1265 691 1397 723 numine

985 738 1070 771 Divo
1097 737 1167 771 feta
1191 739 1384 782 propagine,

984 787 1042 819 Me
1067 787 1172 820 ferum
1198 788 1408 821 inclementia

983 835 1119 869 Exorna
1145 837 1315 877 patientia.

910 924 965 957 80.
982 925 1063 969 Ave,
1090 934 1185 966 quam
1214 926 1295 958 caeli
1319 925 1435 959 intima

982 973 1137 1007 Laudant
1160 983 1221 1015 per
1241 974 1443 1017 iubilamina‚

983 1024 1030 1055 At
1055 1024 1182 1064 peccati
1208 1023 1361 1057 oneribus

983 1072 1062 1104 Tuis
1089 1081 1140 1105 me
1164 1073 1237 1105 leva
1263 1073 1428 1114 precibuS.

912 1161 1066 1198 81.Ave,
1093 1162 1207 1203 regina
1234 1162 1405 1204 virginum,

984 1211 1073 1251 Quae
1095 1212 1236 1253 genuisti
1261 1212 1449 1253 Dominum,

982 1260 1043 1300 Qui
1068 1260 1274 1302 principatur
1300 1261 1448 1293 omnibus

981 1309 1077 1343 Orbis
1105 1313 1264 1343 terrarum
1292 1308 1423 1345 finibus.

909 1399 1063 1439 82.Ave,
1093 1398 1204 1432 fruens
1232 1399 1358 1432 deliciis

980 1447 1215 1489 Supernorum,
1243 1459 1263 1482 a
1288 1448 1378 1481 vitiis

979 1497 1082 1530 Tuum
1110 1496 1244 1529 absolve
1271 1496 1439 1541 famulum,

978 1546 1018 1579 In
1041 1545 1142 1580 laude
1167 1550 1224 1579 tua
1249 1547 1410 1581 sedulum.

906 1636 962 1670 83.
979 1636 1062 1679 Ave,
1091 1645 1187 1677 quam
1214 1636 1401 1669 amabiliter

977 1685 1092 1719 Laudo
1120 1689 1151 1717 et
1179 1686 1401 1729 singulariter,

974 1735 1033 1768 Me
1060 1736 1290 1768 recommenda
1314 1735 1415 1768 hodie

977 1784 1064 1817 Nato
1090 1786 1188 1825 atque
1213 1784 1343 1819 cotidie.

904 1874 960 1908 84.
977 1874 1059 1919 Avo,
1088 1884 1106 1907 o
1134 1878 1239 1907 mater
1265 1875 1401 1916 gratiae,

978 1923 1085 1957 Causa
1109 1928 1244 1957 nostrae
1268 1925 1425 1964 laetitiae,

978 1973 1077 2007 Fanti
1103 1978 1160 2006 tua
1185 1974 1362 2015 praeconia

978 2023 1115 2056 Precum
1142 2024 1265 2065 pra-ebe
1290 2022 1455 2066 suffragia.

904 2108 962 2142 85.
977 2109 1059 2148 Ave,
1088 2107 1262 2141 florescens
1289 2107 1429 2150 virgula,

976 2157 1029 2190 Ex
1055 2168 1118 2200 qua
1141 2159 1306 2192 succrevit
1332 2159 1432 2204 viola,

977 2207 1066 2247 Quae
1088 2207 1203 2241 odoris
1229 2208 1404 2249 aspergine

979 2257 1108 2290 Mentes
1136 2257 1244 2299 replet
1270 2257 1458 2294 dulcedine,

903 2342 959 2375 86.
976 2344 1057 2383 Ave,
1085 2343 1220 2383 superni
1248 2344 1363 2376 civitas

974 2391 1086 2434 Regis,
1116 2392 1206 2424 cuius
1235 2392 1390 2426 divinitas

973 2441 1042 2474 Tua
1070 2441 1188 2474 stravit
1215 2441 1418 2478 fundamina,

975 2491 1093 2524 Serens
1117 2491 1272 2524 virtutum
1301 2492 1435 2526 semina.
