1650 2671
169 234 201 267 9.
217 232 302 274 Ave,
330 242 347 265 o
374 234 436 266 Dei
463 233 542 277 filia,

215 283 285 323 Qua
310 280 392 315 fecit
415 283 589 324 mirabilia,

217 332 306 372 Quae
331 342 494 374 nunquam
520 333 606 366 vidit
630 333 741 365 oculus

216 381 288 415 Nec
313 382 439 415 audivit
465 382 641 417 audituluS.

145 470 201 503 10.
216 470 298 513 Ave,
324 470 486 511 praebens
512 469 676 510 fiduciam,

218 518 341 552 Laetae
366 519 484 552 mentis
509 521 735 562 constantiam,

217 567 320 601 Serva
344 578 403 601 nos
418 578 449 614 ⁴a
474 568 664 602 haeresibus

219 618 283 651 Per
309 617 450 650 obscura
474 618 668 651 meantibus.

149 706 306 748 11.Ave,
332 715 414 747 prae
439 707 563 739 cunctis
589 707 743 750 sanctior,

226 755 284 789 Cui
311 755 373 788 hac
399 755 463 788 oda
490 756 627 798 dulcior,

221 804 278 837 Me
303 804 452 837 veritatis
478 805 600 837 lumine

220 852 326 895 Reple
352 863 391 886 ac
416 854 647 887 sanctitudine.

149 942 204 975 12.
219 942 302 984 Ave,
331 943 421 975 cuius
446 943 633 984 praesentia

219 991 329 1024 Corda
353 994 448 1024 sanat
471 992 661 1033 maerentia,

219 1040 395 1073 Consolare
420 1049 471 1072 me
496 1039 582 1073 facie

217 1089 288 1121 Tua
313 1092 453 1122 stantem
477 1090 511 1121 in
537 1090 616 1123 acie.

146 1176 202 1210 13.
220 1177 302 1217 Ave,
330 1179 446 1219 mater,
472 1175 532 1209 flos
558 1177 731 1218 virginum,

217 1225 347 1258 Pultrix
373 1225 637 1268 amaritudinum,

216 1272 373 1306 Reforma
398 1283 451 1306 me
474 1274 622 1307 inutilem

217 1322 327 1364 Atque
348 1323 609 1356 abominabilem.

145 1411 202 1445 14.
217 1411 299 1454 Ave,
328 1421 410 1452 quae
434 1412 505 1444 sine
529 1413 658 1445 macula

216 1460 353 1493 Intrasti
379 1460 592 1494 tabernacula

220 1509 321 1548 Caeli,
349 1518 411 1550 quo
437 1510 540 1542 omnis
565 1510 700 1551 spiritus

217 1557 322 1590 Deum
348 1558 462 1591 laudat
487 1559 687 1594 medullitus,

149 1646 205 1680 15.
219 1645 303 1687 Ave,
331 1655 349 1678 o
371 1648 476 1679 mater
500 1650 623 1690 tenera,

218 1694 373 1728 Gaudens
398 1697 433 1727 in
458 1696 561 1736 prolis
590 1697 735 1738 dextera,

216 1743 311 1787 Mihi,
339 1744 429 1785 virgo
456 1744 603 1790 mirifica,

217 1793 297 1827 Vias
322 1793 410 1825 vitae
435 1792 578 1829 notifica.

150 1882 207 1916 16.
222 1882 305 1924 Ave,
331 1882 503 1922 praeclara
528 1883 690 1924 gemmula

220 1930 425 1972 Florensque
452 1931 536 1963 veris
560 1932 712 1975 primula,

218 1979 298 2014 Tuis
322 1989 479 2012 succurre
505 1979 645 2024 famulis,

218 2028 360 2062 Obstans
386 2030 550 2069 protervis
576 2031 723 2064 aemulis.

150 2114 207 2149 17.
221 2113 305 2155 Ave,
331 2112 421 2154 virgo
448 2113 588 2155 egregia,

221 2162 311 2202 Quae
337 2160 430 2193 fuisti
455 2162 603 2204 materia,

218 2211 287 2251 Qua
315 2210 464 2244 Christus
490 2211 554 2244 sibi
579 2212 686 2245 texuit

219 2260 368 2303 Carnem,
397 2269 461 2301 qua
485 2270 545 2293 nos
572 2261 703 2302 eripuit.

149 2346 204 2380 18.
219 2344 302 2389 Ave,
329 2353 348 2376 ο
373 2343 630 2385 tabernaculum,

219 2395 287 2435 Quo
299 2393 449 2427 Christus
457 2402 582 2434 ponens
597 2394 787 2436 thalamum,

222 2443 398 2485 Completis
424 2452 538 2476 novem
561 2443 727 2476 mensibus

223 2493 265 2527 Se
290 2492 403 2526 mundi
429 2491 522 2526 offert
548 2492 708 2528 sensibuS.

785 134 855 169 172
908 156 951 160 —

847 234 1001 276 19-Ave,
1029 234 1193 267 credentis
1220 235 1333 275 populi

916 283 1035 317 Tutrix
1061 294 1081 316 a
1107 282 1225 316 fraude
1250 283 1369 324 zabuli,

917 333 1028 367 Omnis
1055 336 1166 366 coetus
1191 332 1338 366 fidelium

915 382 947 415 A
973 385 1007 414 te
1031 382 1140 423 poscit
1166 382 1334 416 auxilium.

847 472 903 505 20.
918 471 1000 514 Ave,
1028 480 1111 512 quae
1136 471 1273 504 elatoria

918 520 1082 562 Spernens
1110 520 1243 553 caelesti
1269 520 1371 562 gloria

920 569 1094 603 Coronaris
1120 579 1139 602 a
1165 569 1314 612 Domino,

920 618 990 659 Qua
1015 617 1119 660 fulges
1144 618 1215 651 sine
1239 618 1390 651 termino.

847 707 905 740 21.
920 708 1002 751 Ave,
1031 716 1126 748 quam
1155 706 1324 739 tribulatio

919 756 1091 797 Prolisque
1118 756 1191 789 dira
1214 756 1325 797 passio

918 804 1071 838 Perfodit
1096 805 1184 837 velut
1210 804 1346 848 framea,

920 855 967 888 Ut
991 857 1082 886 vates
1110 854 1193 886 dixit
1219 857 1323 886 antea.

846 944 902 977 22.
917 943 998 987 Ave,
1028 941 1101 975 fons
1127 942 1348 975 meracissime

917 991 971 1024 Ex
996 1000 1058 1032 quo
1083 990 1189 1023 fluunt
1213 991 1397 1032 largissime

918 1039 1054 1073 Gratiae
1079 1040 1258 1083 stillicidia,

917 1088 994 1128 Quis
1018 1088 1152 1129 pellitur
1177 1087 1322 1121 fastidia.

845 1178 902 1210 23.
916 1177 998 1219 Ave,
1025 1175 1139 1218 figuris
1164 1175 1285 1217 typicis

917 1225 1104 1258 Monstrata
1129 1227 1161 1257 et
1185 1224 1400 1266 propheticis,

917 1274 1071 1308 Paritura
1098 1273 1285 1306 caelestium

919 1323 1042 1364 Regem
1068 1326 1167 1363 atque
1192 1326 1407 1356 terrestrium.

847 1413 905 1447 24.
919 1413 1002 1454 Ave,
1030 1421 1122 1453 quam
1147 1421 1274 1444 summa
1299 1411 1429 1445 bonitas

920 1462 1020 1494 Amat
1045 1464 1079 1493 et
1102 1460 1310 1503 universitas,

917 1511 974 1543 Me
999 1509 1128 1551 respice
1152 1510 1397 1554 pauperculum,

918 1559 1052 1592 Tollens
1076 1559 1204 1600 peccati
1229 1559 1431 1594 scandalum.

846 1649 903 1681 25.
919 1648 1001 1691 Ave,
1029 1647 1143 1688 regina
1169 1646 1318 1689 celebris,

923 1696 1039 1730 Carnis
1065 1705 1179 1729 carens
1204 1696 1381 1741 illecebris,

917 1745 1075 1778 Foedatis
1101 1754 1162 1786 per
1188 1746 1352 1779 luxuriam

918 1794 1057 1836 Largire
1084 1795 1327 1829 continentiam.

847 1884 1000 1929 26.Ave,
1027 1886 1133 1917 mater
1158 1885 1381 1928 maerentium,

916 1932 1037 1975 Legem
1060 1933 1125 1966 Dei
1149 1934 1384 1979 quaerentium,

918 1982 986 2015 Nos
1011 1983 1100 2024 proli
1124 1982 1179 2016 fac
1203 1983 1372 2024 amabiles,

917 2031 1014 2064 Hosti
1039 2032 1289 2073 insuperabiles,

845 2117 903 2150 27.
922 2117 1005 2158 Ave,
1034 2119 1124 2148 cuius
1150 2125 1215 2148 non
1241 2116 1368 2157 putruit

919 2165 1015 2207 Caro,
1044 2173 1217 2206 resurgens
1241 2163 1362 2209 floruit,

917 2214 1028 2255 Purga
1052 2223 1105 2246 me
1129 2223 1149 2246 a
1174 2214 1350 2254 putredine

918 2262 1041 2296 Mentis
1067 2265 1124 2295 tua
1147 2262 1344 2297 mulcedine.

848 2346 905 2380 28.
920 2345 1004 2387 Ave,
1032 2354 1115 2386 quae
1141 2345 1222 2379 caeli
1244 2346 1330 2380 atria

922 2394 1060 2428 Intrasti
1082 2404 1208 2428 summa
1232 2395 1348 2439 gloria,

922 2443 1014 2485 Ignis
1036 2442 1200 2478 flammam
1225 2444 1396 2487 intercide,

926 2492 1032 2526 Gades
1060 2493 1225 2527 desertum
1252 2504 1429 2531 commove.
