1650 2671
732 117 996 153 *187-

209 215 265 250 60.
293 216 374 260 Ave,
404 213 493 247 cuius
520 215 636 249 merito
993 217 1075 250 Esto
1101 226 1193 250 meae
1218 216 1393 250 sublevans

341 263 488 297 Tubilans
515 264 702 306 laudamen,
1044 266 1171 307 Culpae
1196 273 1382 305 oneramen,

289 314 353 348 Per
379 322 474 355 quam
501 314 597 346 homo
624 314 731 347 subito
994 316 1046 349 Ne
1071 324 1123 348 me
1148 316 1192 348 sit
1217 313 1439 348 exterminans

337 362 470 403 Recipit
494 363 654 406 levamen,
1044 364 1167 400 Christi
1191 364 1385 397 iudicamen.

290 411 407 445 Cordis
434 413 508 457 mei,
536 413 654 454 rogito,

338 460 475 504 Dissipa
500 462 660 503 velamen,

290 510 384 551 Quod
411 510 452 543 ob
474 512 591 555 culpae
614 511 732 544 merito

341 557 477 593 Perfero
504 560 677 593 nodamen.

917 446 972 479 66.
1000 445 1083 485 Ave,
1111 453 1207 485 quam
1232 440 1403 484 magnifico

1042 493 1116 526 Hoc
1140 501 1200 533 per
1225 492 1434 532 meditamen,

998 542 1069 576 Ave
1095 542 1224 583 quando
1250 540 1375 582 replico

1043 590 1166 623 Mentis
1191 598 1252 631 per
1279 597 1444 629 conamen,

205 639 261 673 61.
287 639 371 681 Ave,
400 639 453 672 cui
479 639 635 672 attentius
997 640 1115 673 Cordis
1141 639 1204 671 mei
1231 638 1379 679 supplico

345 688 485 722 Carmen
511 687 711 729 symhonizo,
1043 685 1149 720 Aufer
1174 686 1370 730 nubilamen,

294 736 441 771 Gemmis
466 737 549 770 mihi
573 737 682 770 carius
996 738 1135 771 Cernam
1160 740 1198 768 ut
1221 738 1381 778 perpetuo

340 787 496 827 Auroque
522 786 645 827 obrizo,
939 795 942 801 ·
1043 786 1187 827 Patrem,
1214 787 1336 824 natum,
1363 782 1494 817 flamen.

290 835 384 874 Mihi,
414 844 540 877 precor,
567 834 662 866 citius

341 883 484 916 Subveni
510 882 601 923 eliso,

290 931 340 965 Ne
366 931 481 965 tradar
508 929 731 972 daemonibus,

337 981 473 1022 Quando
500 980 646 1022 agonizo.

913 864 968 896 67.
997 864 1079 902 Ave,
1107 871 1200 895 mons
1226 861 1383 904 laetitiae,

1043 912 1141 944 Mons
1168 910 1368 951 coagulatus,

995 960 1185 994 Gratiarum
1211 959 1344 1001 pluviae

1044 1009 1148 1042 Stillis
1173 1008 1405 1050 impinguatus,

206 1061 263 1094 62.
292 1062 374 1102 Ave,
401 1058 602 1093 venerabilis
993 1060 1106 1101 Agnus
1131 1057 1338 1091 innocentiae.

340 1109 445 1142 Stella
470 1108 641 1151 matutina,
1045 1108 1082 1141 In
1108 1112 1142 1139 te
1168 1111 1218 1140 est
1243 1108 1452 1151 monstratus,

289 1158 429 1191 Pellitur
454 1168 474 1190 a
500 1157 643 1190 credulis
997 1158 1056 1199 Qui
1081 1160 1239 1199 paternae
1265 1156 1389 1198 gloriae

340 1207 410 1247 Qua
437 1207 554 1248 culpae
578 1207 709 1248 pruina,
1044 1206 1124 1239 Fuit
1147 1206 1346 1239 immolatus.

290 1256 372 1290 Esto
398 1256 463 1289 tuis
489 1255 621 1289 famulis

342 1305 477 1339 Gratiae
503 1305 641 1347 cortina,

291 1354 343 1388 Ne
369 1364 503 1387 uramur
528 1352 645 1387 faculis

337 1405 376 1437 In
404 1404 515 1445 Stygis
541 1402 683 1436 officina.

912 1286 968 1320 68.
995 1286 1079 1328 Ave,
1107 1295 1201 1326 quam
1228 1284 1380 1317 acerrimi

1045 1335 1177 1368 Doloris
1204 1342 1380 1375 gravamen

997 1385 1131 1425 Pressit,
1160 1393 1232 1416 cum
1260 1382 1440 1416 dulcissimi

1046 1433 1127 1467 Nati
1153 1433 1341 1466 cruciamen

208 1485 265 1518 63.
295 1484 376 1528 Ave,
403 1482 568 1526 periergia
998 1483 1170 1525 Cerneres,
1197 1492 1239 1515 ne
1264 1483 1399 1525 pessimi

341 1532 419 1565 Nati
446 1542 507 1574 pro
533 1532 658 1566 honore
1042 1532 1157 1566 Hostis
1184 1541 1245 1574 per
1269 1533 1472 1573 temptamen

287 1582 416 1626 zelans,
445 1581 657 1614 adversantia
994 1582 1052 1616 Me
1078 1582 1246 1623 contingat
1273 1581 1422 1624 deprimi,

341 1631 469 1664 Pellens
497 1640 569 1664 cum
595 1639 718 1671 errore,
1046 1632 1150 1665 Tuum
1179 1632 1236 1664 des
1262 1631 1425 1664 iuvamen.

287 1680 411 1714 Nostra
437 1678 491 1712 fac
515 1680 636 1713 hilaria

337 1729 448 1763 Corda
473 1738 554 1771 prae
580 1738 692 1763 amore

286 1778 369 1820 Tuo,
396 1779 495 1812 modo
517 1778 628 1812 tristia

336 1828 452 1861 Hostis
478 1837 559 1868 prae
584 1828 711 1861 timore.

911 1712 968 1745 69.
997 1711 1080 1754 Ave,
1109 1720 1203 1753 quam
1233 1710 1436 1743 credentium

1045 1762 1167 1795 Cantus
1196 1760 1376 1793 decusatim

998 1810 1138 1850 Laudat,
1168 1819 1250 1848 cum,
1279 1809 1460 1843 subsidium

1048 1860 1170 1892 Petunt
1195 1860 1394 1902 alternatim,

204 1908 261 1942 64.
286 1908 369 1949 Ave,
397 1906 470 1948 apis
495 1906 649 1939 melleum
998 1909 1106 1942 Meum
1136 1909 1177 1941 ad
1206 1908 1362 1941 auxilium

342 1955 478 1989 Gratiae
503 1956 664 1998 liquorem
1046 1958 1194 1999 Propera
1221 1958 1356 2001 citatim,

291 2005 443 2046 Faciens,
470 2006 526 2046 qui
549 2003 684 2037 felleum
997 2007 1060 2047 Qui
1083 2011 1175 2040 tuum
1201 2008 1410 2049 praeconium

340 2056 502 2097 Amputat
527 2057 690 2096 putorem,
1045 2056 1160 2089 Recito
1187 2056 1320 2091 affatim.

289 2103 474 2139 Infundens
499 2104 688 2137 aethereum

339 2154 452 2188 Servis
478 2154 543 2188 tuis
569 2163 689 2194 rorem,

289 2204 351 2246 Qui
378 2203 592 2246 exstinguunt
619 2213 772 2237 carneum

336 2254 376 2288 In
404 2253 498 2287 nobis
525 2253 690 2287 ardorem.

917 2136 974 2171 70.
1003 2135 1085 2180 Ave,
1112 2136 1306 2169 levatorium

1050 2185 1152 2219 Casus
1178 2186 1292 2219 matris
1317 2187 1420 2231 Evae,

998 2234 1159 2268 Ducentis
1185 2235 1219 2268 in
1245 2237 1438 2271 scandalum

1050 2285 1119 2319 Nos
1147 2285 1264 2326 culpae
1289 2287 1489 2334 primaevae,

204 2336 261 2370 65.
290 2336 375 2377 Ave,
405 2333 496 2367 cuius
521 2332 664 2367 iubilans
999 2333 1095 2367 Vitae
1121 2334 1318 2369 adiutorium

337 2385 504 2417 Virtutum
531 2383 706 2417 laudamen
1050 2384 1147 2418 Meae
1173 2383 1224 2418 fer
1248 2387 1446 2432 grandevae,

289 2434 368 2468 Sum
395 2433 522 2467 devotis
547 2432 706 2466 intimans
1002 2433 1054 2468 Ne
1078 2432 1154 2467 fiam
1181 2435 1394 2477 opprobrium

340 2483 438 2517 Istud
462 2492 523 2524 per
549 2481 697 2526 ettamen,
1053 2483 1163 2527 Stygis
1190 2485 1278 2526 genti
1303 2495 1431 2521 saevae.
