1650 2671
713 135 979 171 2164-—

181 235 238 269 ¹77.
253 234 336 276 Ave,
365 244 442 268 arca
466 234 560 277 panis
588 234 737 278 angelici,

255 284 459 326 Praesignati
483 292 622 316 mannae
647 283 815 327 mysterio,

249 333 320 366 Fac
343 343 396 366 me
424 333 521 375 digne
547 333 660 366 eodem
687 331 788 373 refici,

251 381 348 415 Cuius
373 380 476 423 flagro
502 382 536 414 in
564 381 738 417 desiderio.

178 476 232 510 78.
247 476 331 518 Ave,
361 478 467 508 mater
492 475 571 508 solis
595 475 750 518 iustitiae,

248 524 347 558 Cuius
358 524 466 566 fulgor
478 525 614 558 mundat
625 534 644 557 a
653 524 815 568 sordibus,

248 573 816 614 Flammasauferconcupiscentiae‚

248 622 301 655 Ne
325 623 502 656 ardescant
525 623 560 655 in
586 632 638 655 me
661 623 808 656 ulterius,

179 717 235 752 79.
247 717 332 758 Ave,
359 717 465 760 stella,
491 716 587 750 nobis
610 715 770 750 visibilem

249 766 368 798 Verum
378 765 478 798 solem
489 765 650 807 gignendo
662 764 831 806 exhibens,

246 815 302 849 Ad
315 824 374 848 nos
390 818 481 848 verte
496 815 669 847 micantem
687 812 815 856 faciem,

248 863 303 896 Sic
327 865 484 896 maeroris

321 913 440 946 nubem
466 913 510 946 sis
536 921 716 946 removenS.

176 1007 333 1045 80.Ave,
359 1007 463 1047 virgo,
491 1005 564 1038 fons
581 1006 815 1047 indulgentiae,

251 1056 318 1096 Quo
329 1056 528 1088 mundantur
538 1055 648 1094 spurci
655 1063 715 1095 per
725 1055 815 1094 vitia,

251 1104 308 1136 Me
333 1102 472 1136 infunde
496 1103 568 1135 rivo
594 1103 785 1143 munditiae,

250 1152 309 1186 Uti
337 1153 453 1193 dignus
479 1153 539 1184 sim
567 1151 793 1185 eucharistiae.

177 1246 219 1280 81
248 1247 331 1289 Ave,
358 1248 464 1278 mater
489 1246 624 1286 superni
643 1245 815 1288 principis,

249 1294 311 1336 Qui
336 1295 497 1336 gubernat
519 1298 551 1326 et
576 1295 662 1335 regit
686 1295 804 1336 omnia,

249 1343 318 1376 Fac
331 1353 382 1376 me
391 1353 466 1376 mun
472 1344 504 1376 d'1
517 1345 549 1375 et
559 1343 670 1384 Stygis
683 1344 818 1384 aucupis

247 1392 424 1426 Declinare
447 1393 515 1424 tela
540 1392 660 1427 inania.

178 1487 235 1520 82.
250 1487 334 1525 Ave,
362 1485 464 1530 virgo,
491 1484 542 1517 cui
568 1484 771 1526 aequabilem

251 1534 439 1567 Greaturam
454 1542 569 1574 puram
584 1543 648 1567 non
670 1533 813 1575 repperi,

249 1582 307 1615 Me
331 1583 476 1624 peccatis
503 1582 753 1616 abominabilem

250 1632 320 1673 Ope
344 1636 400 1664 tua
426 1630 569 1664 reforma
595 1632 729 1673 gratiae.

179 1727 235 1760 83.
248 1727 332 1769 Ave,
348 1734 444 1767 quam
460 1725 666 1758 circumdant
680 1724 817 1757 deliciae

251 1774 476 1816 Sempiternae
499 1774 724 1818 beatitudinis,

250 1824 298 1857 Te
321 1824 486 1856 laudantis
512 1832 531 1855 a
557 1823 673 1855 mentis
700 1822 786 1856 faeie

249 1871 311 1905 Fel
335 1872 485 1914 propelle
511 1872 749 1906 amaritudinis.

180 1961 236 1996 84.
252 1962 332 2006 Ave,
359 1961 463 2004 virgo,
489 1960 589 1993 tellus
615 1960 799 2002 fructifera,

250 2010 376 2052 Fruges
402 2011 495 2043 nobis

324 2062 473 2092 aeternas
499 2058 682 2100 proferens,

252 2107 460 2142 Tribulamen
486 2117 594 2141 meum
621 2109 801 2151 considera,

251 2157 385 2190 Manum
411 2158 491 2190 mihi

324 2206 474 2239 intricem
500 2207 680 2248 porrigens.

180 2297 237 2331 85.
252 2296 334 2339 Ave,
362 2304 380 2327 ο
407 2295 519 2336 regina
543 2294 745 2340 clementiae,

253 2340 397 2378 Cunctos
424 2344 507 2377 caeli

325 2394 529 2435 praecellens
555 2394 687 2438 aulicos,

254 2442 354 2484 Pelle,
380 2445 485 2476 mater
510 2442 588 2475 solis
613 2442 767 2486 iustitiae,

250 2493 319 2527 Tua
346 2493 377 2526 vi
402 2493 574 2526 instinctus
601 2492 774 2526 satanico&

883 234 940 267 86.
957 235 1039 275 Ave,
1068 234 1158 267 cuius
1184 234 1217 266 in
1244 233 1393 267 natalitio

956 282 1052 316 Salus
1080 283 1188 325 coepit
1213 283 1346 316 humani
1372 284 1511 325 genem,

955 331 1004 365 Te
1028 332 1201 367 laudantes
1227 333 1290 366 hoc
1314 330 1476 366 famulitio

950 382 983 414 A
1010 380 1136 415 foetore
1162 391 1319 416 conserva
1346 382 1494 417 Veneris.

879 481 936 514 87.
951 482 1033 523 Ave,
1062 481 1151 513 cuius
1178 490 1239 521 per
1264 481 1461 514 adiutorium

952 530 983 562 A
1009 530 1136 569 peccati
1162 539 1316 563 sanamur
1341 531 1487 569 vulnere,

952 578 1061 611 Precis
1088 583 1163 611 tuae
1190 578 1276 612 dona
1302 579 1495 623 subsidium,

949 627 1203 668 Purgamentum
1221 628 1358 660 reclusis
1373 636 1517 661 carcere.

879 726 934 759 88.
949 727 1032 766 Ave,
1062 725 1163 767 virgo,
1191 727 1281 759 cuius
1308 726 1485 759 nutrimine

949 774 1118 808 Educatus
1147 778 1197 807 est
1220 775 1284 808 Dei
1309 773 1412 818 filiuS,

952 824 1049 858 Solve
1074 825 1217 857 vinctum
1241 824 1343 857 hostis
1362 825 1520 866 ligamine

949 872 1028 906 Tuis
1042 876 1133 906 tuum
1142 874 1340 914 hymnistam
1351 873 1516 914 precibus.

878 972 935 1004 89.
947 972 1032 1010 Ave,
1059 971 1217 1004 trinitatis
1243 970 1433 1013 triclinium,

948 1016 1166 1052 Subfulcitum
1187 1020 1342 1052 virtutum
1366 1018 1515 1062 floribus,

950 1067 1044 1101 Servi
1069 1069 1117 1101 tui
1144 1069 1261 1101 mentis
1288 1068 1462 1102 confinium

949 1117 1048 1157 Orna,
1062 1126 1191 1157 precor,
1202 1116 1346 1150 honestis
1359 1117 1519 1151 moribus.

879 1215 935 1248 90.
950 1215 1034 1255 Ave,
1059 1213 1277 1248 confortatrix
1293 1214 1521 1258 pugnantium,

950 1262 1108 1296 Fructum
1133 1264 1295 1304 praebens

1025 1313 1068 1344 ad
1093 1317 1127 1345 te
1153 1312 1381 1355 clamantibus,

949 1361 1003 1393 Ab
1027 1362 1160 1394 incursu
1185 1361 1411 1395 insidiantium

951 1410 1003 1443 Sis
1029 1413 1174 1443 tutamen
1200 1413 1234 1443 te
1258 1410 1502 1444 venerantibus.

877 1508 933 1543 91.
950 1510 1032 1551 Ave,
1060 1510 1164 1551 virgo,
1193 1510 1282 1542 cuius
1309 1509 1464 1542 nobilitas

952 1558 1031 1590 Nati
1059 1557 1162 1590 claret
1187 1558 1435 1600 omnipotentia,

948 1606 1013 1640 Per
1019 1610 1209 1647 praesentes
1221 1616 1358 1640 coronas
1371 1607 1520 1648 perditas

948 1655 1019 1688 Tua
1043 1656 1137 1688 nobis
1166 1664 1246 1696 pece
1271 1664 1443 1697 recupera.

876 1755 933 1788 92.
949 1758 1029 1793 Ave,
1057 1763 1076 1786 o
1100 1754 1274 1796 singularis
1301 1753 1435 1797 femina,

949 1804 1133 1837 Sanctitate
1156 1803 1419 1843 inaestimabilis,

948 1853 1063 1886 Hostis
1089 1856 1123 1885 tu
1150 1853 1257 1886 relide
1283 1854 1455 1886 conamina

948 1902 1009 1944 Qui
1023 1903 1176 1935 molestat
1189 1912 1247 1935 nos
1261 1902 1352 1935 horis
1370 1903 1520 1944 singulis,

877 2002 933 2036 93.
947 2001 1033 2042 Ave,
1060 2004 1166 2033 mater
1191 2001 1235 2033 mi
1262 2003 1361 2042 atque
1388 2002 1519 2034 domina

950 2049 1172 2085 Consolatrix-

1023 2107 1086 2140 que
1113 2099 1217 2132 dulcis
1238 2109 1432 2142 pauperum,

948 2149 1056 2189 Tei-ge
1080 2157 1153 2181 mea
1178 2148 1348 2189 paulisper
1372 2148 1497 2183 lumina

951 2197 1134 2230 obcaecata
1159 2198 1246 2230 nube
1272 2196 1467 2233 facinorum.

879 2296 936 2328 94.
950 2296 1033 2334 Ave,
1059 2297 1165 2327 mater
1189 2295 1306 2328 mundi
1334 2295 1473 2342 opificis,

955 2344 1057 2384 Quem
1064 2344 1182 2377 adorat
1189 2347 1300 2377 coetus
1309 2345 1523 2389 credentium,

951 2393 1132 2426 Iubilantes
1158 2402 1217 2427 nos
1242 2394 1305 2428 tibi
1328 2395 1456 2430 melicis

952 2441 1092 2483 Hymnis
1121 2443 1185 2476 duc
1209 2444 1243 2476 in

1026 2491 1160 2524 chorum
1186 2494 1410 2538 gaudentium,
