1650 2671
211 222 266 256 75.
294 221 420 254 Lumen
447 230 518 254 cum
543 221 665 255 lumine

342 271 495 312 Regnans
521 272 554 304 in
580 271 696 313 gloria,

297 319 377 353 Cum
402 322 514 353 saneto
540 318 671 353 flamine

347 369 511 403 Colendus
537 369 645 411 latria,

296 417 406 451 Corda
431 418 588 451 solamine

341 467 446 508 Reple
471 470 504 499 et
527 467 633 508 gratia

293 515 396 548 Nobis
422 517 582 549 amamine

340 564 588 605 Participantia.

214 645 271 677 76.
298 643 395 676 litae
421 644 587 685 angelicae

343 692 449 726 Causa
475 692 614 737 vivifica,

293 742 351 781 Qui
377 741 566 782 potentifice

341 790 511 823 Gubernas
538 791 654 836 omnia,

289 838 545 872 Ecclesiasticae

337 888 452 921 Plebis
479 887 617 921 confinia

290 936 392 970 Placa
416 937 551 971 mitifice

337 986 471 1019 Pellens
497 986 669 1019 contraria.

210 1065 265 1097 77.
294 1064 319 1096 O
346 1065 440 1105 panis
467 1066 574 1097 oriens

339 1112 566 1154 Invisibiliter,

291 1161 436 1194 Devotos
459 1162 607 1194 nutriens

338 1210 599 1255 Delectabiliter,

291 1258 342 1292 Sis
369 1268 420 1291 me
445 1259 594 1292 reficiens

338 1308 572 1350 Spiritualiter,

291 1356 345 1389 Sic
370 1366 411 1389 ne
437 1358 581 1390 esuriens

341 1406 407 1439 Sim
435 1406 656 1441 aeternaliter.

210 1486 266 1518 78.
297 1483 489 1517 Sanctorum
516 1484 655 1517 omnium

340 1532 625 1566 Excellentissime

292 1581 339 1614 Et
364 1582 572 1615 existentium

340 1631 496 1664 Provisor
521 1632 653 1674 optime,

293 1678 361 1712 Nos
387 1680 649 1721 persequentium

345 1729 486 1762 (jonatus
512 1729 655 1770 reprime

293 1777 360 1810 Nec
387 1787 450 1811 non
477 1778 655 1819 propitium

341 1827 389 1860 Te
413 1826 507 1859 nobis
535 1827 661 1863 exhibe.

212 1907 267 1939 79.
297 1905 321 1938 Ο
348 1914 473 1938 summa
497 1906 655 1940 sanctitas

343 1954 466 1988 Cuncta
491 1954 708 1997 sanctificans,

293 2003 360 2035 Per
385 2004 472 2044 leges
499 2004 639 2044 optimas

343 2053 398 2084 Ad
424 2052 542 2085 bonum
568 2054 733 2097 ordinanS,

296 2100 433 2134 Nostras
459 2102 503 2134 sis
530 2101 653 2135 animas

344 2150 437 2183 Labe
460 2149 648 2195 purificans,

296 2198 381 2238 Quas
408 2197 486 2231 fecit
508 2200 660 2233 sordidas

342 2248 447 2281 Ferus
475 2249 704 2283 exterminans,

209 2328 265 2362 80.
294 2326 318 2360 O
346 2324 503 2360 suavifica

342 2375 465 2409 Mentis
494 2376 624 2419 cibatio,

294 2427 412 2467 iungat
439 2425 555 2458 deifica

345 2475 558 2519 Participatio

745 123 984 159 —18-

912 447 969 482 81.

910 868 967 910 82.

913 1290 970 1323 83.

913 1710 967 1743 84.

915 2134 971 2167 85.

996 220 1055 253 Me
1080 222 1114 252 et
1137 220 1287 262 angelica

1048 268 1242 311 cooperatio

994 319 1034 352 In
1060 319 1136 352 aula
1162 317 1286 351 caelica

1047 368 1118 402 Tuo
1145 367 1320 401 consortio.

995 448 1097 481 Pater
1121 446 1277 490 ingenite,

1048 496 1184 529 Creator
1209 496 1363 536 omnium,

997 546 1044 579 Et
1067 545 1243 587 unigenite,

1047 593 1141 627 Salus
1168 593 1382 635 credentium,

995 643 1041 676 Et
1065 646 1111 685 tu,
1138 643 1311 684 paraclite,

1044 692 1175 726 solator
1201 692 1354 737 tristium,

994 741 1076 774 Tres
1101 751 1184 774 unus
1212 742 1348 784 credite,

1042 790 1095 823 Da
1121 791 1203 823 caeli
1229 791 1395 831 gaudium.

994 869 1144 902 Fontalis
1173 869 1277 901 deitas

1043 917 1137 950 Patri
1162 917 1331 961 tribuitur,

996 966 1060 999 Sed
1087 966 1234 1000 filialitas

1043 1015 1142 1058 Nato,
1169 1015 1226 1056 qui
1251 1014 1404 1057 gignitur,

996 1065 1140 1097 Flamini
1171 1064 1290 1097 caritas

1044 1112 1147 1145 Recte
1172 1113 1360 1153 ascribitur,

996 1162 1064 1201 Quo
1091 1161 1276 1194 amabilitas

1047 1210 1159 1243 Omnis
1188 1210 1367 1250 egreditur.

996 1288 1045 1321 Tu
1068 1286 1176 1321 forma
1199 1297 1379 1328 procreans

1046 1337 1148 1370 Omne
1173 1335 1357 1380 formabile,

997 1384 1249 1427 Sapientificans

1046 1434 1204 1475 Spiritum
1229 1432 1336 1479 facile,

998 1482 1063 1516 Cor
1088 1493 1194 1516 meum
1221 1493 1373 1516 recreans

1044 1532 1127 1566 Esto
1155 1533 1330 1577 culpabile,

998 1582 1086 1614 Illud
1113 1582 1288 1616 habituans

1047 1631 1108 1664 Per
1135 1631 1256 1664 donum
1281 1631 1409 1665 stabile,

995 1709 1117 1743 Divina
1141 1710 1264 1743 veritas

1043 1758 1171 1792 Lucens
1197 1760 1389 1800 perenniter

996 1808 1043 1841 Et
1067 1817 1193 1841 summa
1220 1808 1353 1842 claritas

1045 1858 1240 1891 Accendens
1268 1858 1418 1906 dulciter,

998 1907 1090 1939 Meas
1116 1907 1289 1949 nequitias,

1047 1957 1125 1997 Quis
1152 1956 1268 1990 foedor
1293 1957 1448 1999 turpiter,

998 2006 1162 2039 Absolvat
1185 2006 1291 2046 pietas

1047 2055 1119 2088 Tua
1144 2055 1339 2096 benigniter.

998 2133 1127 2166 Donum
1157 2132 1307 2166 deificum

1048 2181 1101 2215 Ex
1127 2182 1197 2215 Deo
1223 2183 1371 2226 veniens,

998 2230 1135 2272 Semper
1161 2231 1342 2264 beneficum

1047 2279 1095 2314 Te
1121 2280 1215 2313 nobis
1242 2282 1412 2326 exhibens,

998 2328 1156 2362 Nostrum
1182 2331 1380 2370 paraclitum

1048 2377 1095 2411 Te
1121 2379 1219 2411 credo
1246 2379 1416 2424 profitens,

999 2426 1051 2460 Sis
1077 2437 1130 2460 me
1154 2430 1388 2469 pauperculum

1050 2476 1154 2510 Donis
1178 2479 1339 2514 reficiens
