1650 2671
704 124 966 160 -210-

177 225 256 258 147.
282 223 364 268 Ave,
393 232 476 265 quae
499 223 532 255 in
559 222 752 256 Bethlehem
877 224 954 258 149.
981 225 1064 265 Ave,
1090 223 1146 258 fax
1172 222 1311 258 lucifera

332 273 454 306 Panem
481 272 677 314 produxisti,
1030 273 1209 307 Luminans
1235 272 1390 313 micatim,

282 322 350 361 Quo
377 330 492 355 novam
519 321 696 355 Ierusalem
982 321 1083 361 Quam
1108 322 1207 355 laudo
1233 330 1294 363 per
1321 321 1449 354 cantica

329 370 479 404 Dulciter
505 371 635 412 pavisti,
1031 370 1124 403 Haec
1149 370 1354 411 enucleatim,

279 419 316 452 In
341 429 474 460 regnum
501 428 553 451 me
578 418 719 451 flebilem
982 418 1161 461 Deprecor,
1190 418 1327 460 pacifica

328 468 409 512 Due,
439 467 525 509 quod
550 468 704 507 introisti,
1030 467 1087 499 Me
1111 468 1334 509 iuterduatim‚

281 517 416 557 Quando
439 517 658 549 miserabilem
982 515 1096 548 Donec
1120 525 1172 548 me
1198 517 1240 549 ad
1268 517 1391 549 caelica

327 565 487 598 Mundum
515 566 643 599 exuisti.
1033 564 1196 598 Perducas
1223 566 1372 599 ornatim.

172 645 251 678 148.
282 645 361 684 Ave,
386 648 475 676 terra
501 642 631 685 fertilis,
872 643 953 678 150.
981 643 1063 683 Ave,
1092 643 1142 675 cui
1169 642 1325 675 ecclesiae

327 694 431 726 Terra
455 692 625 733 pabulosa,
1031 691 1171 724 Sanctae
1198 691 1402 724 consolamen

280 741 408 774 Pascua
434 742 515 774 dans
542 742 684 775 credulis
980 741 1046 774 Per
1073 740 1191 774 donum
1217 739 1365 772 laetitiae

331 791 470 824 Multum
498 791 639 832 copiosa,
1028 789 1126 823 Canit
1150 789 1340 831 iubilamen‚
1392 819 1401 828 ,

279 840 326 872 Te
353 840 510 872 colentem
537 840 642 872 titulis
980 837 1123 871 Auferas
1150 838 1315 879 nequitiae

328 889 476 921 Laudum
503 888 567 921 hac
591 890 624 921 in
650 897 749 929 prosa
1030 887 1127 920 Meae
1152 887 1352 927 laboramen,

279 936 352 970 Duc
378 946 449 969 cum
476 937 540 970 tuis
566 937 697 970 famulis
983 936 1104 969 Laetus
1130 940 1165 969 ut
1194 935 1316 968 cotidie

328 987 379 1019 Ad
409 986 488 1018 caeli
516 986 682 1027 gaudiosa.
1032 985 1080 1018 Te
1106 985 1299 1018 collaudem.
1352 985 1457 1017 Amen

234 1090 306 1119 Cod.
329 1089 358 1119 S.
380 1091 461 1118 Petri
476 1090 681 1127 Salisburgen.
704 1090 722 1118 b
743 1091 775 1119 Π
798 1088 823 1118 3.
845 1098 921 1118 saec.
935 1088 980 1118 25.
1002 1089 1054 1117 fol.
1076 1086 1113 1117 39
1135 1099 1161 1118 a.
1178 1090 1212 1117 A.
1228 1105 1265 1109 -
1282 1090 1346 1119 God
1374 1089 1403 1118 S.
1421 1090 1503 1118 Petri

156 1130 361 1165 salisburgen.
376 1131 394 1158 b
420 1129 477 1157 VII
492 1127 538 1158 20.
561 1131 632 1157 anni
655 1127 738 1157 1470.
760 1129 811 1157 fol.
827 1126 885 1157 234
900 1130 928 1158 b.
953 1130 986 1157 B.
1002 1144 1040 1148 —
1056 1129 1138 1157 Orat.
1154 1138 1208 1157 ms.
1224 1130 1408 1166 Tegurinum
1425 1137 1504 1157 saec.

158 1167 202 1197 15.
226 1168 301 1196 Clm.
322 1168 478 1197 Monacen.
509 1166 543 1197 19
552 1166 618 1197 353.
648 1167 696 1196 fol.
718 1166 772 1197 101
801 1177 827 1196 a.
851 1167 882 1196 C.
903 1183 941 1188 -—
966 1169 1048 1197 Orat.
1070 1176 1124 1197 ms.
1145 1169 1333 1205 Tegurinum
1356 1177 1432 1197 saec.
1459 1167 1502 1196 15.

154 1207 228 1235 Olm.
248 1208 402 1236 Monacen.
428 1205 538 1236 20020.
560 1207 610 1236 fol.
635 1205 690 1235 175
711 1216 737 1236 a.
760 1208 797 1235 D.

231 1247 258 1274 A
279 1247 416 1274 bemerkt
434 1247 485 1274 fol.
507 1244 544 1275 39
566 1255 596 1275 a:
639 1242 752 1284 Incipit
771 1247 957 1283 prooemium
978 1248 1010 1274 in
1031 1246 1222 1282 hymnarium
1245 1247 1352 1275 beatae
1372 1247 1502 1284 virginis

152 1286 282 1320 Mariae,
304 1285 355 1313 fol.
376 1283 415 1313 40
436 1294 467 1313 a:
498 1286 611 1322 Incipit
630 1285 805 1321 hymnarius
828 1286 1021 1314 beatissimae
1042 1286 1166 1321 virg-inis
1192 1286 1317 1320 Mariae,
1341 1286 1502 1314 distinctus

153 1326 185 1352 in
204 1326 265 1352 tres
289 1326 526 1361 quinquagenas.

232 1361 367 1391 Prooem.
387 1361 415 1397 4,
430 1363 444 1391 1
460 1365 542 1392 Astis
563 1372 678 1392 mecum
695 1363 731 1392 B:
755 1364 840 1391 Assis
855 1371 970 1391 mecum
986 1365 1020 1390 A.
1047 1381 1059 1384 -
1089 1363 1182 1392 Psalt.
1201 1362 1225 1397 1,
1238 1361 1256 1391 8
1271 1365 1427 1392 reductum
1441 1364 1502 1392 ΑΒ.

152 1417 190 1422 —
211 1399 286 1435 23‚8
306 1402 501 1431 Peccator-um
530 1412 595 1431 sum
616 1403 651 1430 A.
672 1417 711 1421 —
731 1401 808 1436 31,5
836 1401 1074 1438 pusillanimitas
1094 1404 1128 1430 A.
1151 1417 1188 1421 —
1209 1400 1287 1437 31,8
1314 1404 1502 1431 diminuatur

152 1442 187 1469 A.
201 1456 240 1460 —
253 1438 299 1475 33,
313 1440 329 1468 7
351 1440 485 1478 gravitas
505 1443 567 1470 AB.
583 1458 620 1462 ν-
635 1439 682 1475 39,
694 1439 712 1468 2
731 1443 819 1469 vivos
840 1441 901 1468 AB.
919 1456 957 1460 —
973 1439 1018 1475 60,
1031 1440 1047 1468 7
1071 1441 1113 1470 Ut
1133 1444 1166 1470 A.
1184 1459 1188 1462 -
1206 1458 1219 1461 s
1235 1440 1281 1475 65,
1293 1440 1310 1471 5
1334 1451 1378 1477 sq.
1400 1442 1501 1471 fehlen

152 1481 187 1508 A.
210 1495 248 1499 ——
269 1478 315 1513 68,
328 1480 344 1507 7
366 1481 413 1508 Tu
442 1489 498 1508 nos
533 1482 611 1509 sacri
632 1480 693 1508 AB.
714 1496 753 1500 —
772 1478 820 1514 86,
837 1478 852 1507 1
874 1478 930 1508 filii
951 1481 1009 1508 Dei
1031 1481 1062 1508 A.
1088 1495 1126 1500 —-
1146 1478 1223 1515 86‚7
1245 1481 1375 1518 Superni
1395 1481 1501 1518 gaudii

151 1519 213 1547 AB.
227 1533 266 1538 —
280 1516 326 1553 88,
339 1519 355 1546 7
380 1523 474 1547 mater
488 1519 712 1548 misericordiae
727 1521 760 1548 A.
777 1535 814 1539 -
829 1516 875 1549 94,
889 1516 903 1546 1
927 1529 943 1548 o
958 1520 1213 1548 thesaurariorum
1231 1520 1272 1554 A,
1295 1530 1311 1550 o
1326 1521 1500 1549 hausarium

151 1558 184 1585 B.
200 1573 239 1577 -
255 1555 320 1592 103,
333 1557 351 1587 8
373 1558 551 1587 Barathrum
573 1558 633 1586 AB.
702 1556 767 1593 105,
778 1557 798 1586 4
810 1557 918 1586 Mundi
938 1559 1072 1587 damnati
1089 1559 1148 1587 AB.
1167 1574 1203 1578 ——
1221 1556 1285 1593 118,
1296 1558 1314 1589 5
1329 1561 1398 1589 Mea
1413 1561 1447 1588 A.
1468 1576 1500 1581 —

154 1594 217 1630 118,
230 1596 247 1624 7
268 1605 423 1626 erroneam
436 1598 472 1625 A.
487 1613 525 1618 ἡ
550 1594 612 1631 123,
627 1596 641 1625 1
657 1597 781 1626 cellaria
796 1598 835 1627 At,
857 1596 1017 1626 cellararia
1028 1598 1088 1626 Bc.
1103 1614 1143 1617 —
1166 1596 1231 1633 123,
1242 1596 1261 1627 8
1281 1599 1418 1627 Pravant
1438 1600 1500 1635 AB,

150 1636 314 1672 korrigiert
332 1638 365 1664 in
384 1638 514 1669 gravant
531 1637 566 1665 B.
581 1652 620 1656 —
636 1634 699 1670 131,
712 1636 729 1665 5
752 1638 829 1665 serie
848 1636 925 1664 fehlt
938 1638 972 1665 A.
987 1652 1024 1656 —
1042 1634 1106 1670 146,
1118 1636 1135 1665 2
1148 1638 1371 1667 Praeferentem
1386 1640 1446 1667 ΑΒ.
1463 1654 1501 1659 —

154 1673 246 1709 146,7
268 1675 443 1704 Laudantes
465 1675 498 1703 Β.
520 1691 557 1695 -
582 1673 677 1710 146,8
696 1676 740 1705 Te
760 1676 836 1704 fehlt
855 1677 891 1703 A.
913 1692 952 1695 —
976 1674 1069 1710 147,6
1091 1676 1160 1705 Duc
1179 1678 1211 1704 in
1233 1686 1291 1714 quo
1314 1680 1348 1706 A.
