1650 2671
142 200 222 234 130.

141 624 223 658 131.

141 1048 219 1082 132.

140 1471 220 1505 133.

134 1897 213 1931 134.

131 2326 212 2362 135.

249 199 383 240 Optima
408 200 531 234 veritas

297 248 345 281 Et
368 248 568 293 infallibilis,

248 296 399 339 Fugatur
425 298 554 332 falsitas

296 347 368 388 Qua
396 348 620 391 despicabilis,

248 395 312 439 En,
339 406 392 430 me
417 397 574 439 iniquitas

297 447 425 479 Premit
453 446 660 489 damnabilis,

250 496 352 535 Quem
379 498 436 529 tua
461 496 569 537 pietas

297 544 402 578 Solvit
428 556 448 578 a
475 546 625 580 vinculiS.

251 624 377 657 Lumen
403 623 568 657 vivificum

302 674 381 706 Tuis
410 674 492 707 dans
519 674 640 716 vivere,

253 722 339 762 Quos
364 722 458 755 iubes
486 723 642 755 caelicum

298 772 446 814 Regnum
473 775 640 814 appetere,

246 820 300 853 Da
327 820 421 853 nobis
446 820 610 853 lubricum

298 870 459 903 Mundum
487 872 695 903 contemnere

249 919 360 960 Atque
386 919 593 960 seraphicum

296 968 452 1001 Amorem
482 977 649 1017 quaerere.

247 1046 359 1080 Virtus
386 1046 506 1080 unifica

296 1096 328 1129 A
355 1105 391 1129 se
418 1096 606 1129 distantium

248 1146 294 1179 Et
319 1155 418 1179 causa
443 1145 541 1178 unica

298 1195 387 1228 Vere
411 1195 598 1238 amantium,

250 1245 360 1278 Corda
385 1242 525 1285 pacifica

298 1293 369 1326 Iam
396 1293 655 1326 discordantium

251 1340 348 1375 Nunc
372 1342 433 1375 sub
461 1342 622 1375 catholica

298 1391 386 1433 Lege
412 1391 628 1433 regnantium.

250 1472 275 1505 O
303 1470 445 1512 simplex
473 1470 577 1504 deitas

297 1520 421 1554 Carens
447 1519 551 1563 initio,

244 1569 320 1603 Tibi
346 1570 390 1603 sit
416 1569 549 1603 claritas

292 1619 339 1652 Et
363 1619 561 1662 benedictio,

243 1668 416 1703 Confortet
440 1668 565 1703 animas

288 1718 359 1753 Tua
387 1719 532 1760 dilectio,

245 1770 331 1810 Quas
356 1769 479 1811 premit
503 1768 651 1810 pravitas

293 1819 401 1860 Atque
428 1816 581 1852 defectio.

239 1898 309 1931 Ens
335 1902 452 1941 potens
478 1897 592 1939 opifex

292 1946 403 1981 Omnis
430 1948 601 1989 essentiae,

244 1996 349 2031 Causa
375 2000 406 2029 et
432 1995 553 2030 artifex

291 2047 338 2080 Et
361 2046 604 2088 subsistentiae,

244 2098 336 2141 Peto,
364 2105 405 2130 ne
431 2096 480 2130 uti
505 2095 583 2130 faex

290 2146 422 2181 Tradar
446 2147 609 2189 miseriae,

241 2197 342 2238 Quem
369 2198 493 2239 premit
515 2197 690 2238 multiplex

290 2246 395 2289 Culpa
419 2247 585 2280 lasciviae.

239 2327 309 2360 Ens
335 2326 551 2361 inscrutabile

287 2376 373 2410 Esse
399 2377 482 2410 dans
507 2377 669 2421 omnibus,

241 2426 324 2460 Vere
349 2427 492 2461 amabile

284 2476 333 2510 Te
360 2477 644 2520 cognoscentibus,

851 429 933 464 1:36.

850 852 930 885 137.

850 1276 930 1310 138.

844 1703 924 1737 139.

842 2131 921 2166 140.

959 201 1188 235 Desiderabile

1006 251 1055 283 Te
1082 251 1328 292 degustantibus

956 301 1000 334 Et
1025 299 1251 340 praedicabile

1008 349 1047 382 ln
1075 350 1198 383 cunctis
1224 348 1386 390 gentibus.

961 429 986 463 Ο
1013 426 1133 461 flumen
1164 428 1228 461 olei

1011 477 1101 511 Caeli
1127 478 1273 511 laetitiae

959 527 1010 560 Ac
1036 531 1166 560 torrens
1191 527 1278 568 ignei

1012 575 1138 617 Vigoris
1164 576 1300 618 gratiae,

960 623 1094 658 Virtute
1117 624 1198 659 fidei

1006 673 1051 706 Et
1077 674 1257 715 sapientiae

960 722 1012 755 Da
1038 723 1131 755 nobis
1157 724 1294 764 provehi

1007 771 1062 805 Ad
1089 773 1196 805 lumen
1223 773 1357 813 gloriae.

960 852 985 885 O
1013 850 1240 884 substantifica

1007 899 1206 934 Cunctorum
1232 902 1327 944 ratio,

959 949 1057 983 Cuius
1083 949 1223 982 mirifica

1006 998 1069 1032 Est
1096 998 1284 1038 dominatio,

958 1049 1054 1082 Iuvet
1078 1048 1226 1089 angelica

1005 1096 1075 1130 Nos
1103 1097 1290 1138 consolatio,

956 1148 1042 1189 Quos
1070 1146 1231 1179 diabolica

1008 1196 1135 1229 Turbat
1159 1197 1301 1231 vexatio.

959 1276 985 1310 Ο
1013 1275 1113 1309 decor
1140 1275 1270 1317 caelice,

1006 1324 1094 1359 Deus
1122 1324 1294 1367 mirabilis,

958 1374 1058 1414 Quem
1083 1374 1222 1407 laudant
1247 1375 1362 1408 melice

1003 1424 1204 1465 psalmorum
1231 1424 1335 1457 titulis

956 1473 1074 1507 Plebes
1101 1473 1268 1515 angelicae

1005 1522 1085 1557 Cum
1110 1522 1232 1556 sanctis
1259 1524 1383 1565 angelis

958 1572 1057 1606 Solve
1080 1572 1216 1605 mitifice

1003 1621 1072 1655 Nos
1098 1632 1117 1655 a
1143 1622 1293 1662 piaculis.

954 1702 978 1735 O
1005 1701 1267 1743 tranquillissimi

1000 1752 1134 1784 Amoris
1160 1751 1301 1795 bonitas,

953 1802 1079 1835 Pacans
1104 1801 1314 1835 maestissimi

1002 1850 1119 1885 Cordis
1143 1852 1321 1893 molestias,

951 1901 1002 1934 Ne
1027 1900 1116 1933 sinas
1143 1901 1284 1942 opprimi

999 1951 1143 1983 Tuorum
1170 1950 1295 1985 animas

950 1999 1065 2034 Hostis
1091 2000 1283 2050 nequissimi

1000 2050 1131 2083 Pellens
1155 2051 1327 2084 versutias.

951 2131 1064 2164 Virtus
1093 2129 1219 2169 deifica,

997 2180 1029 2213 A
1057 2180 1234 2213 devotariis

951 2230 1031 2264 Odis
1057 2239 1119 2270 per
1139 2230 1271 2264 cantica

998 2279 1183 2313 Laudanda
1208 2282 1319 2322 variis,

949 2328 1069 2363 Servos
1095 2328 1223 2363 tutifica

1000 2377 1052 2413 Ab
1084 2380 1297 2421 adversariis,

951 2428 1056 2462 Gente
1084 2425 1274 2462 daemonica

998 2479 1050 2511 Ac
1077 2479 1281 2521 duplicariiS.
