1650 2671
491 214 563 246 He.

233 283 265 316 5.
279 282 364 324 Ave,
382 283 475 323 virgo
493 290 688 315 succurrens
707 282 848 315 subditis

280 330 357 363 Tibi
383 339 483 372 prece
509 334 567 364 tua
593 331 732 375 vivifica,

279 380 490 413 Incedentem
517 378 648 413 reflexis
675 381 799 413 semitis

275 429 333 462 Me
360 429 481 463 divinis
507 429 672 463 mandatis
698 430 842 471 adplica.

476 533 576 567 Van.

229 604 260 636 6.
276 602 360 645 Ave,
389 602 479 636 cuius
505 603 766 636 misericordiam

277 651 474 685 Nuntiamus
482 661 543 693 per
554 652 674 685 cultum
686 653 846 693 sedulum,

276 700 397 742 Legem
417 700 491 740 Dei,
519 700 583 741 fac,
611 705 647 734 ut
665 702 846 734 custodiam

278 749 331 783 Ex
356 750 421 784 hoc
444 759 531 783 nunc
557 753 590 782 et

349 807 452 840 usque
478 798 510 831 in
537 799 712 832 saeculum.

464 900 581 933 Zain.

227 972 256 1004 7.
273 970 355 1009 Ave,
385 969 475 1002 cuius
503 969 643 1003 dulcedo
669 971 808 1004 nominis

273 1018 336 1053 Est
360 1018 502 1052 turbatis
528 1027 644 1059 magna
670 1018 818 1061 refectio,

274 1068 328 1101 Ab
346 1068 505 1101 instinctu
520 1066 661 1101 defende
677 1070 844 1102 daemonis

272 1117 338 1162 Me,
367 1125 462 1158 quem
487 1117 609 1157 premit

347 1166 466 1199 mentis
494 1165 645 1201 defectio,

454 1264 584 1299 Heth.

226 1334 258 1368 8.
274 1334 356 1377 Ave,
383 1342 465 1375 quae
482 1343 696 1375 supernorum
715 1336 839 1376 apicem

272 1383 378 1417 Tenes
405 1383 502 1416 laude
527 1384 709 1417 iucundans
737 1386 837 1424 varia,

275 1431 392 1467 Cordis
418 1433 482 1464 mei
510 1433 651 1465 emunda
676 1433 801 1466 silicem

273 1481 466 1516 Induratum
493 1482 620 1523 peccati
647 1483 763 1516 scoria.

442 1579 592 1614 Theth.

219 1650 350 1693 9.0Ave,
381 1650 482 1693 virgo,
503 1657 586 1691 quae
603 1651 703 1691 guttis
721 1651 837 1685 lacteis

267 1698 390 1732 Natum
418 1703 509 1731 tuum
535 1699 656 1740 pavisti
680 1700 831 1743 dulciter,

267 1749 390 1789 Legem
418 1748 529 1782 datum
557 1748 688 1781 tabellis
713 1751 820 1783 saxeis

266 1798 427 1831 Meditari
453 1796 507 1830 fac
532 1806 585 1830 me
611 1798 793 1835 sinceriter.

459 1897 570 1930 Ioth.

194 1966 251 1999 10.
266 1966 349 2007 Ave,
378 1975 396 1999 o
422 1968 573 1999 matrona
596 1966 787 2009 praecipua,

267 2016 369 2057 Quam
395 2016 562 2057 praesenti

339 2066 437 2100 laudo
463 2067 615 2106 poemate

267 2116 387 2149 Omnes
412 2116 444 2148 in
472 2124 525 2147 me
549 2115 664 2147 sordes
692 2124 824 2158 evacua,

266 2164 314 2199 Ut
330 2168 464 2199 aeterno
483 2167 516 2196 te
529 2164 660 2197 laudem
673 2168 835 2200 neumate.

449 2263 577 2307 Caph.

190 2335 345 2378 11.Ave‚
377 2335 576 2369 consolatrix
606 2335 834 2377 maerentium,

261 2383 384 2426 Quibus
411 2384 490 2418 ades
518 2387 577 2418 tuo
605 2384 775 2425 solamine,

263 2436 293 2467 A
320 2432 433 2467 furore
459 2443 510 2466 me
537 2434 805 2476 persequentium

262 2484 333 2517 Tuo
360 2488 515 2525 protegas
539 2484 761 2517 adiuvamine.

904 115 972 152 157
1025 136 1071 140 —

1132 214 1329 249 Lamech.

913 284 968 318 12.
984 285 1067 325 Ave,
1097 284 1186 316 cuius
1213 291 1273 325 per
1299 282 1521 315 venerabilem

987 334 1142 366 Ventrem
1168 332 1288 365 mundo

1056 382 1179 415 reluxit
1202 381 1334 426 veritas,

982 430 1094 464 Sinum
1120 433 1212 463 tuum
1237 429 1491 463 assecurabilem

982 479 1021 513 In
1049 480 1202 513 extremis
1230 479 1311 512 mihi
1336 478 1476 520 aperias.

1171 583 1287 616 Mem.

909 652 965 687 13.
979 653 1061 695 Ave,
1091 652 1193 694 virgo⁷
1219 652 1308 684 cuius
1335 651 1479 685 suavitas

980 701 1114 734 Omnem
1140 698 1248 733 aufert
1273 701 1535 739 amaritudinem,

981 749 1084 781 Prece
1109 751 1166 781 tua
1192 749 1272 781 mihi
1300 749 1454 782 divinita,

980 797 1223 839 scripturarum

1050 849 1198 887 praestet
1224 847 1443 880 dulcedinem.

1173 949 1274 982 Nun.

908 1020 964 1053 14.
980 1019 1060 1058 Ave,
1091 1018 1193 1060 virgo,
1221 1017 1279 1051 tub
1300 1018 1390 1051 cuius
1407 1019 1548 1058 pedibus

978 1067 1208 1100 Decurvantur
1233 1071 1358 1100 mentes
1378 1069 1547 1109 ingenuae,

979 1117 1095 1150 cordis
1122 1117 1184 1148 mei
1212 1116 1437 1150 affectionibus

978 1165 1120 1198 Verbum
1147 1165 1210 1198 Dei
1235 1167 1403 1199 lucernam
1426 1167 1544 1201 tribue.

1126 1264 1312 1299 Samecli.

905 1336 959 1368 15.
975 1337 1057 1375 Ave,
1085 1334 1187 1367 Deum
1216 1343 1298 1376 quae
1323 1335 1535 1374 invisibilem,

975 1383 1156 1416 Ostendisti
1182 1383 1275 1416 nobis
1303 1385 1469 1425 divinitus,

974 1432 1177 1466 Timoratum
1195 1432 1249 1465 fac
1263 1442 1316 1465 me
1329 1437 1363 1466 et
1375 1435 1544 1469 humilem.

973 1481 1125 1515 Exaltari
1150 1485 1187 1514 ut
1214 1491 1328 1523 queam
1357 1484 1504 1517 caelitus.

1175 1582 1267 1615 Ain.

901 1651 956 1685 16.
970 1651 1053 1694 Ave,
1080 1650 1276 1684 feminarum
1301 1652 1534 1697 pulcherrima,

972 1700 1065 1734 Auro
1091 1701 1291 1742 gemmisque
1315 1701 1501 1744 pretiosior,

969 1749 1053 1784 Mihi
1070 1750 1292 1793 sublevamen,
1314 1750 1470 1791 piissima,

971 1798 1097 1832 Praebe
1119 1800 1174 1840 qui
1189 1810 1209 1832 a
1221 1794 1333 1841 p‘ravis
1349 1801 1540 1835 calumnior.

1170 1899 1267 1932 The.

898 1968 954 2003 17.
970 1969 1051 2012 Ave,
1066 1968 1185 2002 mentis
1200 1969 1338 2002 solatrix
1350 1968 1536 2013 naufragae.

970 2017 1022 2051 Ab
1051 2018 1113 2051 hac
1139 2027 1266 2051 omnem

1044 2068 1171 2110 pellens
1197 2068 1374 2107 miseriam,

973 2116 1112 2151 Gressus
1139 2126 1228 2151 meos
1254 2118 1288 2151 in
1314 2118 1400 2151 viam
1426 2118 1542 2161 dirige,

971 2166 1042 2207 Qua
1067 2167 1197 2200 venitur
1221 2169 1263 2201 ad
1283 2169 1365 2200 caeli
1383 2168 1536 2211 patriam.

1156 2266 1281 2300 Sade.

897 2335 953 2371 18.
969 2337 1052 2375 Ave.
1071 2346 1131 2378 per
1149 2346 1244 2377 quam
1264 2346 1385 2371 corona
1397 2337 1542 2380 pristina

968 2385 1168 2419 Restituitur
1192 2387 1411 2427 innocentiae,

969 2435 1062 2477 Mihi,
1078 2444 1209 2477 quaeso,
1227 2437 1383 2477 digneris,
1397 2436 1538 2478 domina,

969 2486 1146 2526 Impertire
1171 2486 1275 2518 zelum
1301 2486 1458 2519 iustitiae.
