1650 2671
204 204 235 236 9.

185 627 241 661 10.

183 1047 239 1080 11.

150 1483 153 1486 ·
187 1469 243 1501 12.

187 1891 242 1924 13.

188 2314 245 2349 14.

725 103 963 140 —40—

266 203 291 237 Ο
320 202 549 236 desiderabilis

316 252 447 286 Cunctis
472 261 596 285 summe
621 252 720 296 Deus,

263 303 363 344 Quem
389 301 586 335 insatiabilis

315 351 414 393 Cupit
438 360 529 384 amor
554 360 655 393 meus,

262 400 326 442 En,
353 409 405 433 me
431 400 641 433 exsecrabilis

311 449 413 490 Angit
437 449 613 483 Iebusaeus

262 499 333 532 Nec
357 507 421 532 non
445 499 621 531 invisibilis

315 547 426 590 Stygis
450 548 659 581 Philistaeus.

269 626 294 660 Ο
321 635 445 659 summa
470 626 631 659 munditia

317 675 457 709 Sanctae
483 675 650 715 trinitatis,

270 724 422 758 Glorians
447 725 594 765 potentia

314 774 404 806 Tuae
429 774 619 813 maiestatis,

266 822 420 855 Emuuda
444 821 569 864 flagitia

312 872 410 905 Meae
435 870 614 913 foeditatis,

264 922 329 954 Per
354 930 448 962 quam
476 920 517 953 ab
543 920 681 954 infantia

315 969 439 1003 Sordeo
465 969 620 1011 peccatis.

267 1048 293 1081 Ο
320 1047 614 1080 intransmutabilis

314 1096 437 1130 Divina
461 1099 588 1140 natura,

270 1145 358 1185 Quae
384 1153 417 1176 es
442 1143 660 1177 informabilis

316 1193 465 1234 Simplici
487 1192 604 1235 figura,

267 1242 332 1276 Sed
359 1251 489 1284 semper
515 1242 665 1275 amabilis

314 1292 368 1325 Ab
395 1292 483 1324 omni
509 1290 649 1332 factura,

268 1340 318 1374 Sit
345 1342 387 1374 de
412 1340 506 1373 nobis
533 1339 664 1373 famulis

315 1389 395 1423 Tuis
421 1389 483 1422 tibi
508 1398 596 1424 cura.

272 1468 355 1509 Lux,
383 1468 473 1500 cuius
498 1467 670 1501 micamine

317 1517 434 1550 Cetera
459 1516 623 1558 videntur,

268 1567 314 1600 Ut
341 1566 381 1599 de
406 1568 461 1598 tuo
485 1566 608 1598 lumine

317 1616 395 1648 Post
418 1614 653 1656 illuminentur,

267 1665 448 1697 Daemones
475 1673 546 1696 cum
573 1663 702 1705 agmine

318 1714 382 1747 Suo
409 1712 599 1757 effugentur,

268 1763 350 1796 Iusti
378 1762 596 1794 consolamine

316 1812 386 1844 Tuo
414 1811 629 1846 consolentur.

270 1890 295 1924 O
322 1889 538 1932 intellegibile

316 1939 439 1972 Lumen
466 1939 634 1982 trinitatis,

269 1989 357 2021 Vere
382 1988 579 2021 venerabilis

319 2038 390 2070 Illis
419 2038 631 2082 praedicatis,

271 2088 336 2121 Cor
359 2094 467 2118 meum
492 2085 637 2121 flexibile

317 2135 396 2168 Tuis
422 2134 476 2168 fac
501 2136 676 2179 mandatis,

269 2184 365 2217 Nunc
390 2183 609 2217 abominabile

317 2233 434 2267 Multis
460 2243 520 2275 pro
547 2234 705 2276 peccatis.

272 2314 298 2348 O
322 2312 607 2353 inaugmentabilis

318 2362 408 2396 Deus
432 2362 490 2394 sed
516 2361 673 2406 perfecte,

272 2412 388 2454 Neque
413 2411 616 2444 minorabilis

318 2462 470 2502 Unquam
497 2460 742 2505 circumspecte,

883 429 940 463 15.

883 851 940 884 16.

882 1271 938 1304 17.

883 1693 940 1727 18.

885 2117 941 2150 19.

965 202 1091 237 Munda
1117 212 1169 237 me
1195 213 1214 236 a
1239 202 1376 236 maculis

1014 252 1182 296 Omnibus,
1210 252 1340 295 dilecte,

967 300 1058 334 Caeli
1082 302 1304 336 tabernaculis

1014 351 1154 385 Invehas
1181 355 1217 385 ut
1242 353 1342 386 recte.

968 429 1090 471 Virtus,
1118 439 1214 471 quam
1240 429 1388 471 angelica

1015 478 1191 512 Collaudat
1216 480 1358 520 caterva,

965 526 1030 560 Sed
1056 537 1077 560 a
1101 531 1134 560 te
1159 528 1306 561 satanica

1016 575 1105 609 Gens
1131 576 1216 618 fugit
1240 579 1405 617 proterva,

967 625 1036 658 Nos
1062 635 1082 658 a
1107 626 1141 659 vi
1166 625 1376 667 phantastica

1013 675 1122 715 Ipsius
1149 683 1306 708 conserva

965 723 1010 756 Et
1033 724 1069 756 in
1096 724 1190 757 domo
1219 724 1342 757 caelica

1013 772 1090 805 Tibi
1116 782 1283 807 coacerva.

969 850 994 884 Ο
1020 850 1280 892 supermirabilis

1016 899 1151 933 Bonitas
1180 900 1291 934 divina

966 947 1012 980 Et
1035 948 1260 991 intellegibilis

1015 997 1128 1031 Mente
1155 997 1349 1040 columbina,

969 1046 1086 1079 Serves
1113 1057 1133 1080 a
1157 1047 1315 1090 periculis

1013 1094 1201 1138 Mentisque
1226 1096 1322 1128 ruina

967 1142 1013 1175 Et
1038 1142 1139 1177 finitis
1165 1144 1304 1177 saeculis

1017 1192 1093 1225 Tibi
1112 1202 1170 1226 nos
1198 1192 1358 1227 combina.

967 1269 1073 1303 Causa
1097 1280 1222 1304 summa
1248 1271 1401 1313 omnium,
1461 1308 1470 1317 1

1020 1319 1125 1353 Causa
1150 1320 1336 1363 singularis,

969 1369 1030 1409 Qui
1056 1372 1184 1402 creator
1210 1369 1335 1401 entium

1016 1417 1106 1450 Iuste
1131 1418 1345 1462 praedicaris,

967 1466 1030 1499 Tui
1058 1467 1257 1500 desiderium

1017 1515 1120 1548 Nobis
1147 1516 1309 1558 largiaris,

967 1565 999 1597 A
1023 1565 1140 1606 quibus
1165 1575 1227 1607 per
1254 1566 1417 1600 canticum

1018 1614 1108 1647 Illud
1136 1615 1344 1651 collaudans.

967 1691 1099 1725 Summa
1125 1693 1287 1734 sapientia

1015 1741 1120 1775 Miros
1148 1742 1229 1775 dans
1255 1741 1410 1785 fulgores,

967 1790 1144 1832 Replentes
1171 1791 1307 1825 scientia

1017 1840 1106 1873 Tuos
1133 1841 1334 1884 laudatores,

968 1889 1056 1921 Pura
1083 1891 1283 1923 conscientia

1015 1938 1086 1972 Fac
1110 1949 1170 1972 nos
1197 1942 1361 1974 amatores

970 1988 1058 2020 Tuos
1083 1988 1117 2021 in
1143 1989 1270 2023 iustitia

1017 2037 1064 2070 Et
1089 2038 1282 2072 imitatores,

969 2116 995 2149 O
1019 2126 1145 2150 summa
1171 2118 1303 2151 dilectio

1020 2165 1135 2198 Nostri
1157 2168 1321 2211 salutaris,

968 2214 1114 2248 Tuorum
1137 2215 1274 2249 refectio

1021 2264 1108 2297 Vere
1133 2265 1319 2308 singularis,

972 2312 1029 2345 Me
1057 2322 1128 2346 cum
1156 2315 1369 2351 contubernio

1022 2362 1098 2395 Meo
1126 2364 1249 2397 tuearis

973 2411 1005 2443 A
1031 2412 1116 2445 malo
1144 2416 1308 2449 consortio

1023 2460 1069 2493 Et
1095 2463 1230 2496 canibus
1256 2466 1388 2501 amaris.
