1650 2671
161 203 217 236 26.
244 203 325 239 Ave,
353 211 371 234 ο
399 201 599 234 credentium

297 250 454 291 Princeps
481 252 514 281 et
538 253 688 290 patrona,

247 301 285 333 In
314 304 402 332 terra
429 298 605 332 viventium

295 350 447 389 Regnans
475 348 534 380 sub
562 357 692 388 corona,

247 397 337 431 Audi
365 400 396 429 te
422 397 597 429 colentium

297 448 416 480 Preces
443 455 521 479 aure
547 455 662 488 prona,

246 494 311 528 Pro
338 495 430 527 nobis
457 494 499 528 ad
525 494 626 528 filium

295 544 342 578 Ut
365 543 510 585 loquaris
534 544 631 578 bona.

166 623 222 656 27.
252 623 330 661 Ave,
362 621 615 655 clementissima

294 671 412 705 Mundi
437 672 643 712 imperatrix,

249 721 338 761 Quae
363 720 473 762 Stygis
499 718 679 753 fortissima

294 770 342 802 Es
371 771 569 811 evacuatrix,

247 819 301 851 Ad
328 820 371 859 te,
400 818 630 859 benignissima

301 867 482 907 Pauperum
511 867 662 906 amatrix,

251 916 379 950 Clamat
403 918 438 948 ut
465 916 643 956 peripsima

297 964 373 997 Mea
398 973 490 997 mens
514 967 692 1005 peccatrix.

170 1043 226 1077 28.
251 1043 333 1081 Ave,
360 1042 453 1084 virgo
481 1042 619 1075 celebris

299 1090 455 1125 Baiulans
481 1093 652 1125 secretum.

250 1140 343 1180 Quod
368 1139 565 1173 mittendum
590 1140 719 1173 miseris

301 1189 432 1222 Dudum
461 1191 509 1221 est
536 1188 713 1222 decretum.

254 1238 318 1271 Cor
343 1247 448 1270 meum
475 1237 640 1270 illecebris

297 1286 467 1328 Noxisque
493 1287 651 1327 repletum

252 1335 447 1368 Mundatum
475 1345 495 1369 a
520 1336 663 1368 tenebris

299 1384 369 1416 Fac
393 1384 427 1416 in
453 1384 524 1417 Deo
550 1385 681 1418 laetum.

163 1462 221 1495 29.
251 1462 333 1506 Ave,
362 1460 435 1494 fon„-
462 1461 585 1506 solacii,

298 1511 349 1544 De
378 1514 409 1542 te
435 1515 680 1552 praesumentes

249 1560 384 1601 Replenz
422 1563 452 1592 et
480 1560 593 1593 auxilii

297 1609 392 1641 Dono
416 1608 613 1653 indigentes,

247 1657 302 1690 Ad
330 1660 361 1689 te
388 1658 531 1691 clamant:
555 1657 615 1690 filii

297 1706 415 1739 Matris
441 1707 531 1740 Evae
559 1705 686 1750 flentes,

249 1755 358 1788 Mater
383 1756 455 1788 veri
479 1755 552 1798 lilii,

299 1804 440 1844 Respice
466 1808 641 1846 gementes.

180 1883 220 1914 JO.
248 1882 331 1924 Ave,
362 1882 551 1917 honorabile

302 1933 367 1965 Vas
396 1932 588 1977 divinitatis,

250 1980 431 2021 Exemplar
456 1982 622 2015 laudabile

298 2031 409 2063 Omnis
435 2030 598 2072 puritatis,

252 2078 315 2111 Cor
339 2088 444 2111 meum
473 2079 526 2112 fac
550 2080 662 2114 habile

298 2126 377 2160 Tuis
402 2128 614 2171 praedicatis,

246 2176 311 2208 Vas
337 2175 556 2210 abominabile

298 2224 437 2258 Factum
461 2226 496 2258 in
520 2228 677 2266 peccatis

170 2303 227 2338 31.
255 2303 336 2344 Ave,
363 2303 628 2344 praeclarissima

303 2352 413 2394 Virgo,
442 2355 546 2386 mater
571 2353 634 2386 Dei

254 2401 399 2443 Eiusque
426 2401 617 2444 dignissima

300 2452 425 2485 Domus
451 2451 585 2494 requiei,

791 102 862 138 216
912 121 959 127 -—

955 200 1114 234 Vitiorum
1140 211 1313 235 concrema

1002 249 1120 290 Spinas
1148 251 1257 285 cordis
1283 250 1356 292 mei,

951 297 1001 330 Ne
1027 299 1061 331 in
1089 298 1171 331 hora.
1197 298 1313 331 ultima

999 347 1126 380 Poenas
1154 345 1258 380 feram
1284 347 1342 379 rei.

865 427 922 460 32.
948 425 1032 468 Ave,
1057 425 1162 467 patris
1189 425 1258 458 filia

996 475 1152 515 Desuper
1178 474 1333 517 tonantis,

950 522 1078 557 Cuncta
1103 523 1297 556 exsistentia

1000 573 1065 606 Per
1090 572 1224 605 verbum
1252 571 1404 615 creantis,

948 621 1080 655 Exaudi
1107 622 1251 662 suspiria

997 671 1051 706 Ad
1078 674 1110 703 te
1135 669 1370 712 proclamantis

951 719 994 752 Et
1021 730 1081 760 pro
1107 719 1312 762 indulgentia

1000 769 1129 803 Devote
1153 768 1288 803 orantis.

866 849 923 882 33.
951 847 1034 891 Avo,
1063 856 1184 890 sponsa-
1210 846 1331 880 nobilis

1002 897 1032 929 A
1058 897 1128 930 Deo
1154 897 1268 938 electa,

954 945 1042 978 Bene
1067 944 1324 987 propugnaculis

1001 994 1168 1027 Virtutum
1193 996 1354 1036 protecta,

954 1043 1060 1076 Fuisti
1085 1043 1126 1076 ab
1154 1042 1277 1085 angelis

1001 1092 1137 1133 Semper
1164 1092 1412 1132 circumspecta.

956 1140 1001 1173 Ut
1026 1151 1047 1173 a
1071 1141 1188 1182 culpae
1210 1140 1347 1173 maculis

1002 1189 1102 1222 Esses
1128 1189 1326 1234 insuspecta.

873 1269 929 1302 34.
959 1269 1040 1308 Ave,
1068 1267 1188 1301 rubens
1215 1268 1335 1311 rosula,

1004 1317 1107 1350 Tuum
1138 1326 1198 1358 per
1224 1317 1358 1350 odorem

954 1365 1068 1398 Hostis
1095 1367 1221 1408 pellens
1249 1365 1356 1399 iacula

1000 1415 1146 1457 Eiusque
1172 1418 1342 1457 terrorem,

953 1463 1096 1497 Auferas
1122 1464 1255 1505 piacula

1004 1513 1127 1547 Christi
1153 1523 1213 1554 per
1240 1524 1382 1547 amorem

953 1561 1080 1601 Carnis,
1110 1563 1234 1602 mundi,
1262 1564 1421 1596 scandala

1002 1611 1177 1653 Stygisque
1201 1612 1382 1646 horrorem.

867 1691 922 1724 35.
951 1690 1033 1733 Ave,
1063 1690 1135 1724 fons
1162 1691 1319 1729 laetitiae,

1000 1739 1089 1773 Fons
1117 1743 1232 1781 patens
1259 1740 1441 1782 hortorum,

952 1788 1084 1822 Pellens
1110 1792 1191 1830 potu
1217 1790 1343 1832 gratiae

1003 1838 1096 1871 Sitim
1124 1843 1346 1884 peccatorum,

956 1887 1076 1920 Vitium
1104 1888 1289 1933 superbiae,

1004 1937 1101 1970 Virus
1128 1938 1321 1981 animorum,

953 1985 1059 2019 Aufer
1086 1990 1119 2020 et
1144 1988 1294 2021 luxuriae

1001 2035 1112 2076 Ignem
1141 2036 1390 2071 Chaldaeorum.

871 2115 929 2147 36.
957 2113 1040 2156 Ave,
1070 2116 1162 2156 virga
1188 2116 1344 2156 prodiens

1005 2162 1054 2195 De
1081 2164 1194 2196 radice
1219 2165 1318 2208 Iesse,

956 2210 1084 2244 Fruetu
1108 2214 1162 2244 tuo
1191 2213 1329 2255 cupiens

1008 2260 1166 2293 Omnibus
1191 2262 1364 2305 prodesse,

954 2307 1083 2341 Lolium
1111 2308 1156 2341 sis
1182 2310 1317 2353 abigens

1004 2357 1101 2390 Fidei
1128 2366 1168 2390 ex
1193 2369 1310 2403 messe,

957 2407 1095 2446 semper
1121 2409 1155 2439 ut
1182 2409 1358 2449 proficiens

1005 2454 1054 2487 Sit
1082 2455 1125 2488 ad
1152 2456 1234 2491 bene
1262 2469 1344 2494 esse.
