1650 2671
143 179 197 212 14.
226 180 308 223 Ave,
336 177 578 211 tabernaculum
922 177 1069 218 Praesta,
1097 178 1160 209 mei
1187 177 1357 219 miserem,

274 227 418 268 Virginis
444 226 585 268 pudicae
972 226 1029 260 Uti
1054 226 1119 268 legi
1147 227 1243 261 datae

224 277 356 315 Exiens,
385 276 427 310 ad
454 275 589 308 nihilum
924 275 987 308 Per
1013 278 1045 307 te
1070 276 1130 308 sim
1157 276 1335 310 oboediens

273 326 383 360 Partis
408 325 559 358 inimicae
971 325 1130 367 Prompta
1155 326 1335 359 voluntate,

225 375 374 408 Fraudes
404 374 505 415 (lucis,
533 374 721 407 scandalum

273 424 406 457 Tollens
433 431 505 455 cum
530 423 652 464 radice,

226 472 386 505 Liberans
412 472 641 505 homunculum

271 522 324 554 Ab
349 520 473 554 inferni
497 521 581 562 pice.

838 404 894 438 20.
922 404 1006 444 Ave,
1036 404 1220 437 diademate

974 451 1116 494 Fulgens
1145 452 1291 494 divinali,

923 501 988 533 Pro
1016 501 1108 534 nobis
1137 502 1178 534 de
1204 504 1378 544 pneumate

973 550 1096 582 Venere
1121 550 1274 591 virginali

147 601 202 635 15.
229 601 312 633 Ave.
340 609 433 641 quem
462 599 621 633 catholica
925 598 1120 641 Conceptus,
1145 608 1165 631 a
1191 602 1348 639 caumate,

274 649 344 682 Lex
373 649 469 682 docet
493 650 654 682 invectum
971 649 1107 691 Quaeso,
1134 648 1306 689 gehennali

223 698 337 739 Regna
361 700 393 730 in
423 698 637 739 Memphitica
922 697 979 729 Me
1006 706 1164 730 conserva
1189 697 1354 730 schemate

274 746 372 787 Regis
400 746 440 779 ob
469 748 668 788 despectum,
976 747 1102 779 ornans
1129 745 1299 780 aeternali.

224 796 249 829 O
276 794 480 837 sapientifica

274 846 397 885 Virtus,
423 844 624 877 intellectum

224 894 334 927 Meum
360 893 536 927 reaedifica

279 943 376 975 Vitiis
404 943 574 976 deiectum.

840 826 897 858 21.
926 827 1007 866 Ave,
1038 824 1207 866 diligibilis

977 876 1156 906 Amorosae
1180 874 1291 912 menti,

930 921 1093 964 Sanguine
1116 923 1170 963 qui
1199 922 1341 955 credulis

978 971 1040 1004 Tui
1066 971 1251 1004 testamenti

141 1022 197 1055 16.
222 1021 305 1063 Ave,
333 1021 388 1061 qui
412 1020 549 1053 mirifice
930 1019 1127 1053 succurristi
1151 1021 1290 1053 vinculis

281 1070 371 1103 Patri
400 1078 433 1102 es
461 1070 615 1111 aequalis,
978 1069 1091 1102 Hostis
1118 1069 1272 1101 virulenti

226 1118 273 1151 Ut
297 1118 411 1159 prodit
435 1118 568 1151 verifice
928 1118 1060 1150 Fractis
1085 1122 1183 1158 atque
1206 1117 1348 1159 pessulis

279 1167 391 1200 Sermo
417 1168 631 1210 prophetalis.
977 1166 1090 1208 Stygei
1117 1167 1282 1199 tormenti.

230 1215 371 1249 Gressus
395 1224 485 1248 meos
511 1215 634 1257 perfice

277 1265 373 1307 Legis
399 1269 475 1298 tuae
500 1265 595 1309 palis⁷

228 1314 407 1355 Protegens
432 1313 571 1347 mirifice

276 1363 355 1395 Tuis
381 1373 434 1396 me
459 1363 517 1396 sub
545 1363 616 1396 alis.

844 1246 900 1278 22.
929 1247 1011 1287 Ave,
1039 1245 1193 1278 alimonia

978 1294 1120 1327 Pascens
1146 1294 1284 1328 uberose

929 1343 1016 1375 Tuos
1041 1346 1098 1375 tua
1123 1344 1237 1387 gratia,

977 1391 1038 1432 Qui
1063 1395 1096 1424 te
1122 1401 1270 1425 amorose

147 1442 202 1474 17.
230 1442 309 1485 Ave,
340 1442 564 1474 exsistentium
930 1439 1068 1473 Sumunt
1094 1445 1126 1473 et
1150 1441 1261 1474 inania

279 1490 410 1522 Summa
435 1491 655 1531 pulchritudo,
976 1489 1143 1532 Spernunt
1168 1491 1320 1530 virtuose,

230 1540 328 1579 Quem
355 1539 610 1580 superbientium
926 1538 1047 1579 Meque
1075 1539 1116 1572 de
1141 1542 1174 1571 te
1200 1540 1294 1581 satia,

277 1587 410 1629 Sprevit
434 1589 618 1632 multitudo,
976 1588 1112 1629 Quaeso,
1141 1586 1317 1621 fructuose.

232 1637 361 1670 Vestem
389 1642 501 1679 tegens
527 1647 707 1678 pauperum

277 1687 479 1727 Aequisitam
505 1687 594 1729 ludo,

229 1735 301 1768 Hac
328 1736 391 1768 oda
416 1736 618 1769 laudantium

281 1785 328 1817 Te
355 1785 398 1817 sis
425 1783 592 1819 fortitudo.

843 1666 899 1699 23.
926 1666 1008 1710 Ave,
1031 1666 1105 1699 Iesu
1130 1667 1239 1709 regiae

978 1717 1135 1757 Princeps
1159 1717 1343 1759 potestatis,

928 1764 978 1797 Tu
1004 1773 1147 1798 summae
1174 1766 1374 1808 clementiae,

976 1814 1127 1847 Summae
1152 1815 1343 1855 maiestatis,

147 1863 203 1898 18.
233 1864 312 1903 Ave,
340 1864 564 1897 strenuissime
927 1863 980 1897 Da
1005 1872 1064 1904 per
1089 1866 1226 1897 matrem
1252 1864 1386 1907 gratiae,

279 1913 390 1954 Gigas,
419 1913 473 1955 qui
500 1913 630 1947 Goliam
978 1913 1120 1945 Matrem
1147 1913 1292 1955 pietatis,

232 1962 344 1995 Vicisti
370 1961 548 1995 fortissime
930 1962 976 1996 Ut
1001 1963 1035 1995 in
1062 1971 1161 2004 regno
1189 1963 1312 2004 gloriae

277 2011 396 2044 Mundi
424 2021 558 2044 currens
583 2013 680 2052 viam,
979 2011 1092 2044 Socier
1117 2012 1235 2045 beatis.

231 2060 351 2094 Precor
374 2061 594 2093 intensissime

283 2109 393 2142 Patris
419 2113 453 2141 te
478 2109 644 2151 Sophiam,

230 2158 289 2192 Me
314 2169 333 2191 a
360 2158 463 2199 culpis
490 2159 615 2192 redime

276 2208 419 2240 Matrem
442 2216 502 2248 per
527 2208 679 2241 Mariam.

854 2091 910 2124 24.
938 2092 1020 2133 Ave,
1046 2090 1269 2130 indulgentiae

986 2139 1074 2172 Fons
1102 2143 1132 2171 et
1159 2138 1283 2180 gratiar
1306 2149 1359 2173 um

929 2188 1058 2222 Lavans
1084 2197 1143 2220 nos
1168 2197 1188 2220 a
1212 2188 1322 2221 scabie

982 2237 1272 2281 Conscientiarum‚

149 2289 204 2322 19.
231 2287 314 2332 Ave,
342 2296 443 2328 agnus
468 2287 624 2320 innocens
931 2287 1068 2327 QuaeSO,
1095 2286 1287 2319 obliviscere

279 2337 371 2370 Patri
398 2337 573 2378 victimate,
982 2335 1254 2377 ignorantiarum.

234 2386 394 2419 Mundum
422 2388 522 2419 totum
550 2386 714 2419 redimens
932 2385 1053 2425 Quibus
1081 2385 1311 2418 immundiciae

278 2435 331 2469 Ab
358 2436 540 2479 iniquitate,
982 2433 1108 2467 Servivi
1137 2434 1314 2475 culparum.
