1650 2671
756 127 996 162 —67—

204 220 386 262 121.Ave,
412 231 489 263 pax,
519 232 602 264 quae
629 224 761 258 dissona

351 271 482 303 Venisti
508 272 612 316 unire,

302 319 440 359 Quando
456 321 581 353 -mundi
606 322 756 355 machina

349 369 431 402 Visa
457 370 671 414 est‘saevire‚

300 417 389 459 Mea,
418 428 549 460 quaeso,
577 419 714 453 crimina

350 467 440 500 Velis
467 467 605 511 abolire,

304 516 394 550 Caeli
419 519 456 549 ut
479 517 656 551 intermina

349 566 472 607 Queam
497 566 645 602 introire.

210 645 389 685 122.Ave‚
418 645 470 678 cui
495 646 648 679 materies

348 694 469 728 Rerum
496 694 684 739 famulatur,

301 744 397 778 Cuius
425 753 553 786 quoque
579 746 706 786 species

348 795 379 826 A
406 794 531 827 cunctis
557 798 695 836 amatur,

301 842 418 876 Cordis
443 843 508 876 mei
532 843 654 885 glacies

349 892 415 925 Per
442 895 474 925 te
503 893 712 934 dissolvatur,

299 942 441 975 Animae
466 943 515 975 sic
540 942 627 975 acies

347 993 402 1024 Ad
428 994 461 1023 te
487 992 691 1027 sustollatur.

201 1070 381 1112 125-.Ave,
408 1074 525 1110 patens
553 1070 691 1103 Davidis

347 1118 468 1151 Domui
493 1117 567 1151 fons
594 1120 681 1152 clare

302 1168 468 1201 Scelerum
493 1178 513 1200 a
538 1168 698 1209 squalidis

351 1217 472 1250 Potens
497 1226 556 1250 nos
581 1218 751 1261 mundare,

302 1266 389 1299 Prae
414 1268 549 1306 torpore
576 1267 678 1299 aridis

351 1315 466 1348 Potum
493 1316 574 1348 velis
603 1316 692 1356 dare,

299 1363 459 1397 Hostibus
486 1368 521 1396 ut
548 1365 673 1397 rabidis

348 1414 508 1454 Queamus
535 1413 677 1446 obstare.

147 1513 156 1522 .
202 1493 282 1525 124.
297 1492 381 1536 Ave,
409 1493 616 1526 securissime

350 1542 470 1575 Portus
495 1543 699 1588 miserorum,

297 1590 474 1625 Deducens
503 1593 685 1625 certissime

350 1641 404 1674 Ad
431 1650 533 1682 regna
557 1642 717 1683 polorum,

301 1691 377 1724 Iesu
404 1692 556 1735 clemens,
584 1692 735 1732 imprime

347 1740 418 1773 Viis
445 1741 673 1774 mandatorum

300 1792 521 1832 pervagantes
547 1790 690 1831 pessime

344 1840 383 1873 In
410 1840 463 1873 via
490 1849 646 1873 errorum.

201 1918 281 1953 125.
296 1921 379 1960 Ave,
407 1922 508 1961 sator,
536 1920 661 1952 semina

348 1967 467 2001 Serens
493 1970 688 2013 sanctitatis,

298 2017 434 2051 Gratiae
459 2019 620 2051 solamina

346 2067 514 2102 Praebens
543 2068 709 2112 desolatis,

294 2116 412 2150 Eveile
436 2119 646 2159 spurcamina

343 2167 441 2200 Meae
467 2166 647 2211 foeditatis,

293 2216 419 2250 Nostra
442 2218 589 2251 scribens
615 2218 748 2252 nomina

345 2266 424 2301 Cum
447 2268 715 2311 praedestinatis.

196 2347 276 2381 126.
292 2348 375 2388 Ave,
405 2347 604 2381 desiderium

340 2397 464 2430 Mentis
490 2407 670 2440 amorosae,

293 2447 390 2481 Cuius
419 2447 619 2480 domicilium

340 2496 463 2539 Reples
495 2498 636 2540 copiose,

1010 225 1144 267 Repara
1166 224 1344 266 hospitium

1059 275 1156 309 Meae
1182 274 1334 307 ruinosae

1008 324 1150 358 Animae
1174 332 1234 366 per
1260 323 1375 357 vitium

1056 373 1198 406 Iacentis
1224 381 1378 414 poenose.

911 450 1091 493 127.Ave,
1118 451 1340 486 abundantiae

1056 501 1157 543 Vitis,
1185 501 1294 534 cordis
1319 501 1436 534 maesti

1010 550 1154 584 Obvians
1180 550 1335 583 tristitiae

1056 599 1103 632 Et
1127 608 1285 633 noxarum
1311 601 1407 641 pesti,

1008 648 1142 681 Tinctos
1168 650 1256 690 turpi
1283 649 1393 681 scabie

1056 697 1188 730 Amoris
1212 698 1330 730 incesti

1007 745 1126 779 Redde
1151 747 1314 780 amicitiae

1057 795 1135 828 Veri
1166 799 1198 827 et
1223 796 1360 831 honesti.

913 874 992 908 128.
1007 874 1091 915 Ave,
1119 874 1174 916 qui
1200 873 1325 907 feroc1a

1057 924 1140 957 Tela
1165 923 1267 956 hostis
1294 924 1396 957 trucis

1008 973 1149 1015 Frangis
1175 982 1236 1014 per
1262 973 1411 1006 victricia

1061 1022 1159 1064 Signa
1184 1026 1318 1055 sanctae
1343 1024 1459 1068 crucis,

1012 1071 1119 1105 Corda
1145 1071 1338 1104 famulantia

1057 1121 1132 1155 Tibi
1158 1130 1177 1153 a
1203 1120 1334 1153 caducis

1008 1170 1114 1203 Leves
1140 1172 1172 1202 et
1198 1170 1240 1202 ad
1266 1170 1386 1212 gaudia

1056 1219 1166 1252 Ducas
1193 1227 1289 1251 verae
1315 1220 1406 1255 lucis,

912 1298 992 1333 129.
1005 1299 1089 1341 Ave,
1116 1302 1170 1340 qui
1197 1299 1369 1331 clementia

1056 1348 1125 1381 Tua
1151 1347 1382 1389 Magdalenam

1005 1396 1164 1430 Refecisti
1190 1398 1295 1438 gratia

1053 1446 1231 1479 Dimittens
1256 1455 1434 1490 amoenam,

1005 1496 1158 1528 Animam
1185 1496 1316 1528 exascia

1052 1545 1164 1577 Meam
1191 1545 1294 1585 culpis
1321 1545 1462 1587 plenam,

1003 1593 1055 1626 Ne
1080 1598 1156 1636 post
1182 1602 1222 1627 ex
1247 1594 1374 1626 iustitia

1053 1644 1225 1685 Mergatur
1251 1644 1283 1675 in
1309 1652 1458 1684 poenam.

909 1724 988 1757 130.
1004 1724 1086 1764 Ave,
1116 1723 1205 1755 cuius
1233 1723 1337 1755 deitas

1052 1772 1226 1806 Hominem
1252 1773 1385 1814 creavit,

1003 1822 1137 1863 Tuaque
1162 1821 1346 1854 humanitas

1051 1872 1149 1905 Illum
1176 1872 1352 1911 reparavit,

1003 1920 1145 1954 Satanae
1170 1930 1246 1953 nam
1271 1922 1418 1961 pravitas

1052 1970 1196 2004 Subdole
1221 1970 1308 2003 hunc
1332 1972 1461 2011 stravit,

1002 2020 1101 2061 Quem
1130 2023 1186 2053 tua
1210 2020 1376 2053 humilitas

1053 2069 1201 2103 Clemens
1226 2070 1395 2103 relevavit.

906 2149 1083 2194 131.Ave,
1112 2150 1373 2190 promptuarium

1048 2199 1210 2232 Bonitatis
1236 2199 1310 2241 Dei,

1002 2248 1164 2283 Credulae
1189 2250 1370 2282 remedium

1048 2298 1140 2332 Dans
1167 2299 1296 2342 esuriei,

999 2348 1126 2382 Munda
1153 2348 1363 2388 domicilium,

1047 2400 1132 2441 Iesu,
1160 2399 1270 2432 cordis
1295 2399 1369 2441 mei,

998 2449 1138 2482 Faciens
1165 2449 1344 2481 triclinium

1048 2498 1139 2531 Tuae
1164 2499 1298 2540 requiei.

1325 2563 1356 2584 .)¹
