1650 2671
679 123 846 161 —163
909 144 941 148 —

102 226 158 260 59.
175 227 260 268 Ave,
289 228 395 258 mater
420 225 558 258 rectoris
585 226 739 267 omnium,

176 275 245 315 Quo
271 274 319 307 nil
347 277 477 307 constat

251 332 323 357 esse
348 323 582 365 praestantius,

174 373 404 407 Tribulatione
429 381 482 405 me
504 373 645 406 obsitum

180 422 362 457 Sublevare
390 422 534 464 digneris
560 422 661 458 ocius,

104 518 263 559 60.Ave‚
290 520 397 550 mater
420 517 543 550 Christi
569 517 730 558 amabilis,

176 566 246 607 Quo
273 575 391 608 regnas
417 575 504 599 nunc

256 620 290 649 et
314 615 553 659 immortaliter,

179 665 330 698 Exorata
355 674 397 698 ne
421 666 466 698 sis
494 664 650 706 difficilis,

182 714 248 747 Sed
271 714 377 755 petita
402 717 537 756 praesta
563 713 724 747 hilariter.

108 809 164 843 61.
178 809 262 851 Ave,
289 811 404 852 mater,
433 818 452 841 o
479 807 680 850 favorabilis,

178 856 400 898 Locupletans
427 858 498 889 tuos
525 854 687 895 munifice,

177 905 271 938 Servi
296 905 355 948 tui,
385 914 402 937 o
428 904 637 947 venerabilis,

178 955 413 997 Paupertatem
432 955 606 987 mentalem
636 954 748 987 disice.

109 1051 164 1084 62.
179 1051 262 1095 Ave,
292 1048 460 1082 felicitatis
486 1049 632 1090 praevia,

180 1100 261 1133 Post
279 1102 312 1131 te
329 1098 464 1132 ‘trahens
480 1099 580 1131 corda
593 1097 751 1138 fidelium,

183 1148 382 1181 Decurrenti
407 1147 487 1181 mihi
512 1156 573 1189 per
598 1147 689 1180 invia

181 1197 301 1232 Mundi
328 1199 416 1229 tuum
442 1195 556 1230 confer
581 1196 748 1229 auxilium.

111 1293 168 1327 63.
186 1293 270 1333 Ave,
296 1291 401 1333 virgo,
429 1298 512 1331 quae
536 1298 630 1323 sacro
650 1288 753 1322 ubere

182 1340 306 1374 Summi
324 1340 434 1382 patris
452 1340 583 1372 lactasti
597 1340 751 1380 genitum,

179 1390 415 1424 Machinamen
448 1389 489 1422 da
514 1388 595 1420 mihi
621 1388 753 1421 vincere

178 1439 295 1472 Hostis
323 1441 423 1480 atque
449 1438 518 1470 eius
544 1437 734 1471 satellitum.

106 1534 165 1568 64.
181 1534 265 1576 Ave,
293 1533 398 1574 virgo,
424 1534 458 1565 in
485 1533 576 1565 cuius
598 1531 752 1564 laudibus

179 1582 400 1616 Personamus
429 1583 567 1623 hymnos
585 1581 750 1621 alacriter,

183 1632 252 1666 Nos
278 1632 395 1666 adesse
421 1631 483 1664 Dei
510 1631 739 1673 conspectibus

177 1681 258 1722 Fac,
285 1681 460 1714 laudemus

254 1734 287 1763 et.
312 1731 400 1765 hunc
420 1730 620 1772 perenniter.

107 1828 165 1861 65.
180 1827 264 1867 Ave,
291 1826 392 1870 virgo,
412 1834 497 1866 quae
513 1825 632 1857 mentis
648 1824 751 1858 iubilo

183 1875 335 1908 Paradisi
359 1874 491 1907 intrasti
516 1872 645 1916 florida,

178 1924 335 1958 Caritatis
363 1923 427 1956 Dei
447 1923 592 1965 igniculo

181 1973 292 2008 Corda
316 1977 433 2007 nostra
459 1972 603 2005 accende
629 1971 754 2014 frigida

109 2065 267 2105 66.Ave,
295 2063 359 2105 via,
387 2063 478 2096 cuius
505 2062 644 2103 planitie

179 2114 235 2147 Ad
262 2122 405 2154 superna
431 2112 556 2145 directe
581 2111 744 2157 graditur,

178 2163 310 2197 Donum
323 2166 457 2204 praesta
470 2162 755 2206 perseverantiae,

178 2214 249 2254 Qua
264 2214 403 2246 salutem
411 2212 516 2245 iustus
529 2212 751 2253 consequitur.

107 2304 163 2338 67.
176 2304 260 2345 Ave,
281 2303 373 2336 sidus
392 2303 570 2345 splendore
585 2301 752 2342 melicum,

183 2352 304 2387 Orbem
330 2356 385 2386 tuo
411 2352 582 2386 illustrans
608 2351 735 2392 iubare,

177 2402 230 2436 Da
256 2412 316 2444 per
341 2411 464 2436 nomen

252 2458 343 2485 tuum
369 2450 560 2493 specificam

184 2502 253 2535 Nos
282 2502 393 2535 divino
420 2502 543 2543 repleri
569 2509 715 2535 munere.

813 226 868 259 68.
884 225 967 267 Ave,
994 223 1090 256 stella
1116 219 1394 262 inconfuscabilis‚

882 273 1009 307 Mundo
1036 272 1168 305 mittens

956 321 1164 364 splendorem
1191 318 1326 362 gratiae,

882 372 939 405 Me
964 372 1105 412 illustra,
1134 380 1152 403 ο
1178 372 1284 402 mater
1309 366 1440 411 nobilis,

881 421 1062 462 Caligatum
1089 419 1176 453 nube
1200 417 1355 451 iustitiae.

810 523 867 556 69.
881 522 964 563 Ave,
993 529 1011 554 ο
1036 519 1315 561 propitiatorium,

882 570 948 603 Sub
960 570 1046 610 quod
1056 567 1162 609 pressi
1171 567 1300 600 delictis
1309 565 1447 607 fugiunt,

882 618 1003 652 Contra
1028 618 1137 650 hostes
1166 615 1216 649 fer
1238 615 1448 655 adiutorium,

881 668 940 709 Qui
967 667 1000 700 in
1028 675 1139 699 servos
1166 669 1238 697 tuos
1265 664 1442 697 insaniunt.

812 766 867 800 70,
880 766 964 808 Ave,
982 767 1115 805 pratum
1133 764 1284 804 caeleste,
1304 762 1451 795 roridum

883 813 1081 856 Sempiterni
1107 810 1187 846 flatu
1213 811 1414 854 spiraminis,

884 864 1023 898 Carmen
1049 863 1111 895 hoc

956 911 1086 945 sonanti
1111 910 1339 945 rancholidum

884 961 1124 995 Munimentum
1142 959 1267 1001 praebe
1284 958 1451 992 oraminis.

815 1063 870 1096 71.
884 1062 971 1103 Ave,
987 1063 1093 1092 mater
1111 1062 1143 1091 et
1158 1057 1282 1092 fautrix
1296 1057 1454 1097 flentium,

887 1106 1454 1151 Semperpraebenstehispieticam‚

887 1160 1017 1194 Mentes
1044 1159 1111 1199 liga
1136 1160 1170 1190 te
1195 1156 1419 1191 venerantium

888 1210 952 1242 Per
977 1207 1096 1240 amoris
1124 1211 1270 1241 catenam
1297 1214 1440 1239 auream.

816 1310 871 1343 72.
889 1310 970 1349 Ave,
998 1310 1103 1339 mater
1125 1306 1245 1339 mundo
1271 1304 1432 1348 amabilis,

886 1357 997 1390 Mater
1023 1356 1095 1397 spei
1122 1358 1155 1388 et
1179 1360 1285 1388 mater
1310 1354 1447 1396 gratiae,

887 1407 990 1440 Prece
1014 1415 1086 1439 mea
1110 1414 1200 1438 mens
1228 1403 1395 1437 variabilis

887 1455 927 1488 Vi
953 1455 1141 1488 stabiliatur
1167 1454 1382 1487 constantiae.

814 1556 868 1590 73.
885 1556 967 1594 Ave,
995 1555 1099 1596 virgo,
1127 1563 1221 1595 quam
1247 1552 1421 1586 Basileaca

884 1604 997 1637 Tellus
1015 1603 1130 1637 laudat
1147 1604 1282 1645 eiusque
1296 1602 1453 1645 synodus,

885 1653 933 1687 Te
951 1663 971 1686 a
985 1654 1082 1694 culpa
1094 1655 1280 1685 monstrans
1295 1652 1457 1686 Adamica

887 1702 1135 1737 Praeservatam
1161 1702 1235 1735 fore
1263 1702 1431 1736 divinitus,

815 1804 871 1837 74.
885 1803 970 1846 Ave,
995 1812 1078 1836 urna
1105 1803 1256 1836 caelestis
1282 1801 1402 1843 poculi,

887 1852 1091 1886 Recreantur
1117 1861 1180 1893 quo
1206 1852 1285 1884 iusti
1309 1851 1441 1892 iugiter,

886 1903 1093 1943 Exoptamen
1120 1902 1270 1934 ausculta
1295 1898 1410 1933 famuli

886 1951 935 1986 Te
960 1950 1126 1992 precantis
1154 1949 1365 1984 fiducialiter.

816 2051 968 2092 75.Ave,
998 2051 1087 2083 cuius
1114 2051 1185 2084 laus
1212 2049 1397 2083 multifaria

890 2099 1021 2134 Cunctis
1037 2100 1140 2133 claret
1151 2101 1186 2133 in
1200 2103 1310 2134 terrae
1323 2099 1456 2140 finibus,

888 2150 1008 2184 Mentis
1035 2159 1087 2182 me
1113 2150 1304 2191 depressum
1323 2148 1459 2190 angaria

889 2199 1048 2233 Relevare
1077 2199 1220 2242 digneris
1248 2199 1353 2233 citius.

817 2301 872 2335 76.
888 2300 971 2344 Ave,
1001 2300 1090 2333 cuius
1116 2301 1205 2333 vitae
1232 2299 1404 2341 vestigium

888 2350 929 2384 In
944 2350 1130 2391 exemplum
1144 2350 1239 2383 nobis
1253 2349 1459 2390 proponitur,

892 2400 992 2434 Salva
1017 2409 1146 2433 servum

963 2451 1071 2492 precis
1097 2458 1160 2491 per
1182 2447 1361 2492 brachium,

890 2500 949 2541 Qui
979 2509 998 2532 a
1024 2499 1094 2532 Deo
1122 2499 1208 2532 iuste
1232 2498 1403 2540 proicitur.

1228 2552 1287 2584 11*
