1650 2671
697 114 960 152 —161-

154 214 210 249 23.
226 214 309 255 Ave,
337 221 421 255 quae
447 222 589 255 superno
617 215 797 256 spiramine

230 262 418 304 Concepisti
444 263 582 296 salutem
609 265 764 308 gentium,

224 311 421 355 Exommus,
449 315 504 346 tuo
531 314 739 354 praecamine

225 360 410 394 Puritatem
439 361 495 394 det
515 362 609 396 nobis
626 364 795 398 mentium.

151 442 309 486 24.Ave,
337 441 441 483 virgo,
470 442 535 475 diei
562 451 735 484 gnomana‚

226 489 467 533 Sempiternam

301 540 529 574 demonstrans
556 542 687 587 lineam,

228 589 292 631 Da,
322 590 446 623 carnali
472 591 601 624 abiecta
627 591 756 625 sarcina

230 639 282 672 Ad
309 640 446 672 eandem
470 640 576 673 laetus
595 641 794 682 perveniam.

153 719 210 753 25.
226 720 310 760 Ave,
338 719 435 751 stella
459 721 529 752 sole
554 720 785 761 praestantior,

225 767 419 800 Animorum
445 769 572 809 pellens
597 769 779 810 caliginem,

225 816 282 849 Me
306 817 453 858 peccatis

299 866 430 904 munda,
458 868 491 898 te
518 866 688 907 deprecor,

224 912 285 954 Qui
308 923 369 955 per
389 923 426 948 ea
444 918 552 947 mutor
569 916 602 947 in
621 914 793 955 pecudem.

152 994 209 1028 26.
224 993 308 1035 Ave,
337 994 427 1026 cuius
453 994 571 1027 mentis
598 994 765 1027 humilitas

225 1042 332 1075 Deum
357 1043 459 1076 traxit
487 1044 528 1087 de
547 1043 630 1076 caeli
647 1043 792 1087 sedibus,

216 1091 304 1132 Mea,
330 1101 462 1134 quaeso,
490 1101 551 1133 per
576 1096 609 1125 te
626 1093 794 1126 temeritas

224 1140 422 1181 Subiugetur
449 1141 568 1174 divinis
594 1141 733 1183 legibus.

152 1221 209 1254 27.
228 1220 309 1261 Ave,
337 1220 440 1262 virgo,
468 1220 618 1254 ministra
639 1219 792 1264 foederis,

224 1268 423 1311 Sempiterni
450 1270 539 1310 pacti
564 1279 634 1302 cum
653 1270 792 1312 homine,

226 1317 362 1352 Servum
389 1322 478 1351 tuum
505 1329 525 1352 a
551 1320 760 1361 supplicariis

219 1367 352 1401 Pietate
377 1368 490 1400 innata
518 1376 604 1402 erue.

149 1447 206 1481 28.
221 1447 308 1490 Ave,
335 1456 476 1480 vernans
501 1446 562 1480 flos
587 1448 777 1489 pudicitiae,

217 1495 337 1529 Mundi
365 1505 478 1529 carens

294 1546 467 1588 carnisque
492 1545 636 1590 foetidis,

220 1594 309 1636 Lege
334 1604 440 1637 purga
464 1605 517 1628 me
544 1595 762 1629 continentiae

219 1643 388 1685 Lupanari
415 1642 583 1678 foedatum
610 1644 777 1686 Cypridis.

146 1724 202 1759 29.
218 1725 300 1763 Ave,
330 1724 420 1757 cuius
447 1722 542 1757 fletus
567 1725 599 1757 in
626 1726 780 1766 gaudium

218 1772 423 1814 Resurgente
451 1774 571 1807 dilecto
597 1774 666 1808 filio

216 1821 279 1855 Est
305 1831 491 1865 conversus,

290 1875 425 1913 praesta
449 1871 633 1907 subsidium

220 1919 322 1954 Gravi
347 1921 472 1962 pressis
498 1923 613 1955 mundi
639 1922 765 1957 exsilio.

144 2005 202 2039 30.
217 2004 299 2047 Ave,
329 2005 433 2047 virgo,
461 2006 551 2039 cuius
580 2006 763 2040 dulcedinis

215 2054 413 2096 Magnitudo
440 2055 551 2088 tristes
579 2056 752 2098 exhilarat,

215 2104 272 2138 Me
300 2115 320 2137 a
344 2107 424 2145 potu
450 2105 679 2139 amaritudinis

215 2154 329 2199 Serva,
357 2154 468 2197 Stygis

289 2212 383 2246 quem
412 2214 515 2246 caupo
542 2208 729 2248 praeparat.

137 2290 296 2331 31.Ave‚
324 2291 482 2324 mundum

285 2349 351 2382 qua
376 2349 505 2374 summa
531 2338 639 2374 deitas

210 2390 241 2422 A
267 2390 398 2430 peccati
424 2391 562 2424 mundat
589 2390 761 2432 atramine‚

211 2438 306 2472 Servi
333 2439 393 2481 tui,
420 2449 553 2482 precor,
580 2440 739 2481 iniquitas

213 2488 395 2531 Obtegatur
421 2494 477 2522 tuo
506 2490 660 2523 oramine.

192 2550 213 2573 1>
224 2557 236 2573 r
242 2557 256 2572 e
262 2556 275 2573 v
283 2556 296 2573 a
303 2559 315 2572 s
324 2568 330 2579 ‚
346 2549 474 2574 Psaitsria
490 2550 697 2575 Wassosontana.

859 219 914 252 32.
931 218 1014 261 Ave,
1043 226 1126 259 quae
1153 218 1272 250 virtute
1299 216 1449 250 altiss1mi

930 267 977 300 Es
1003 267 1151 308 replecta

1006 316 1169 351 Christum
1197 315 1394 358 concipiens,

928 366 1008 412 Mei,
1036 374 1166 409 quaeso,
1194 374 1314 399 arcana
1339 364 1440 399 animi

927 415 1063 456 Munda,
1074 418 1110 448 ut
1120 415 1179 448 sim
1194 414 1296 448 Deum
1303 413 1502 455 parturiens«

858 502 914 535 33.
930 501 1013 541 Ave,
1041 510 1059 533 o
1085 500 1260 533 benedicta
1285 499 1416 541 millies,

929 548 1501 594 Venerandapraesanctisomnihus,

930 599 1000 632 Fac
1018 608 1076 631 nos
1094 601 1169 631 actu
1188 600 1221 630 et
1238 600 1345 631 mente
1362 598 1500 631 humiles

928 647 975 680 Et
990 656 1050 680 nos
1067 651 1162 680 necte
1177 647 1283 680 Deum
1297 646 1500 681 timentibus.

856 733 914 765 34.
927 731 1011 775 Ave,
1039 740 1100 771 per
1118 740 1213 771 quam
1241 733 1370 763 vetusta
1395 732 1501 771 lapsio

927 779 991 812 Est
1015 780 1122 813 soluta
1147 781 1281 812 nostrae
1307 779 1453 821 originis,

926 828 1066 870 Inimici,
1093 837 1158 870 qua
1182 829 1277 869 ligor,
1305 829 1414 869 captio

929 877 970 911 Vi
996 882 1168 919 rumpatur
1192 877 1241 910 tui
1266 877 1475 919 precaminis.

855 963 912 997 35.
928 961 1011 1005 Ave,
1037 962 1141 1003 virgo,
1171 961 1291 994 ancilla
1314 960 1457 1002 humilis,

928 1010 990 1044 Dei
1015 1020 1146 1051 parem,
1174 1015 1283 1044 tamen
1311 1013 1344 1042 et
1369 1009 1446 1051 filia,

930 1060 1086 1094 Caritatis
1115 1060 1246 1093 divinae
1270 1060 1398 1101 poculis

927 1109 1072 1142 Mentem
1088 1118 1201 1151 meam,
1213 1118 1343 1151 quaem,
1360 1108 1499 1143 inebria.

857 1194 911 1227 36.
929 1194 1011 1233 Ave,
1041 1193 1140 1226 decus
1167 1193 1272 1235 gentis
1295 1192 1462 1234 Iudaicae,

926 1242 981 1275 Ex
999 1252 1063 1285 qua
1074 1242 1178 1276 trahis
1193 1242 1301 1275 carnis
1315 1241 1497 1284 materiam,

926 1292 958 1324 A
984 1292 1119 1333 periclis
1144 1301 1197 1324 me
1220 1301 1334 1325 manus
1353 1291 1500 1325 hosticae

924 1340 995 1374 Fac
1005 1344 1166 1374 remotum
1174 1351 1235 1383 per
1241 1341 1498 1382 providentiam.

853 1426 910 1459 37.
925 1426 1007 1464 Ave,
1036 1424 1225 1466 angelorum
1251 1424 1388 1467 laetitia,

924 1473 1116 1515 Hymnodia
1141 1473 1206 1507 ista
1232 1483 1327 1515 quam
1347 1482 1497 1519 veneror,

925 1523 1097 1556 Medicare
1121 1532 1175 1555 me
1200 1527 1256 1556 tua
1282 1523 1400 1566 gratia,

924 1571 1129 1606 Delictorum
1153 1573 1228 1605 telis
1255 1573 1311 1614 qui
1329 1573 1495 1607 vulneror.

852 1657 908 1691 38.
923 1657 1007 1699 Ave,
1036 1657 1127 1690 cuius
1149 1657 1185 1690 in
1204 1657 1337 1690 laudem
1356 1665 1495 1698 congero

925 1706 1017 1740 Odae
1042 1706 1138 1739 huius
1165 1706 1422 1751 meditatorium,

925 1755 976 1789 Ne
1003 1764 1127 1790 veneno
1152 1756 1284 1798 linguae
1311 1754 1482 1789 mortifero

923 1805 1065 1849 Foeder,
1094 1805 1173 1839 mihi
1200 1805 1251 1838 fer
1277 1806 1488 1840 adiutorium.

849 1885 906 1919 39.
921 1885 1004 1927 Ave,
1033 1885 1125 1928 virgo
1151 1884 1403 1930 speciosissima,

921 1934 1092 1969 Illibatam
1116 1937 1150 1967 te
1176 1943 1311 1968 servans
1339 1934 1496 1980 Domino,

921 1983 1045 2018 Laudis
1072 1983 1179 2026 huiuS,
1208 1993 1318 2028 exoro,
1346 1984 1479 2018 victima

923 2033 1009 2067 Mihi
1038 2033 1144 2075 prosit
1169 2034 1204 2067 in
1229 2033 1318 2067 vitae
1342 2034 1495 2070 termino.

850 2113 1004 2157 40.Ave‚
1033 2113 1136 2155 virgo,
1164 2122 1260 2155 quam
1286 2113 1485 2147 universitas

924 2162 1059 2196 Pietatis
1088 2162 1167 2196 colit
1192 2163 1358 2205 obsequio,

924 2212 1004 2246 Cum
1030 2212 1169 2246 instabit
1193 2221 1285 2245 meae
1310 2213 1474 2246 acerbitas

923 2261 1054 2304 MortiS,
1081 2266 1158 2296 tuae
1183 2261 1264 2296 assit
1290 2263 1424 2297 auxilio.

849 2340 907 2376 41.
921 2340 1005 2383 Ave,
1032 2341 1136 2383 virgo,
1162 2344 1272 2374 turtur
1297 2342 1457 2385 solivaga,

921 2390 1026 2424 Deum
1041 2391 1159 2424 mentis
1175 2391 1400 2433 contemplans
1411 2391 1492 2436 acie,

921 2441 1033 2475 Corda
1050 2444 1164 2474 nostra
1179 2441 1317 2474 sustolle
1333 2440 1496 2482 naufraga

920 2489 964 2524 Et
991 2490 1099 2531 sopita
1117 2499 1226 2523 rerum
1250 2490 1395 2526 ambitie.

1281 2546 1317 2576 11
