1650 2671
167 205 224 240 86.

170 629 229 663 87.

167 1053 224 1087 88.

162 1474 221 1507 89.

164 1900 222 1934 90.

157 2329 215 2364 91.

251 205 277 239 O
303 203 509 237 immutabile

300 253 497 287 Fundamen
523 254 668 287 omnium

251 303 303 337 Ao
328 301 490 345 diligibile

301 352 399 385 Plebi
425 351 583 396 fidelium,

255 401 391 436 Coetum
416 403 450 434 te
476 401 590 435 sedule

302 451 406 485 Modo
432 450 636 484 laudantium

254 501 362 535 Ghoro
389 501 547 534 benevole

300 549 403 592 Iunge
427 550 630 584 laetantium.

256 629 334 662 Vita
359 628 529 662 vivificans

304 678 430 712 Cuncta
454 678 608 722 viventia,

255 727 310 761 Ad
336 728 440 761 vitam
460 736 618 761 revocans

302 776 349 809 Et
374 776 558 820 morientia,

253 825 403 858 Mentem
429 825 473 857 sis
500 834 660 858 renovans

301 874 412 908 Meam
439 883 478 907 ex
504 874 621 916 gratia,

254 924 358 965 Quam
384 933 459 957 caro
486 923 661 957 sordidans

302 972 433 1015 Turpat
456 982 517 1014 per
543 973 634 1006 vitia.

252 1052 365 1093 Pater,
393 1052 446 1093 qui
473 1051 541 1085 filio

304 1100 448 1134 Praebes
474 1101 642 1144 originem,

253 1150 334 1183 Eius
362 1150 523 1183 consortio

305 1198 435 1231 Nexum
460 1198 632 1231 amabilem

255 1248 380 1290 Spiras,
408 1248 560 1281 incendio

304 1296 368 1330 Suo
394 1305 447 1330 nie
471 1297 614 1329 habilem

255 1345 373 1379 Faciat
396 1347 544 1389 praemio

306 1394 383 1429 Sive
407 1395 599 1436 capabilem.

248 1473 337 1516 Ignis
366 1483 399 1507 es
425 1473 556 1508 lucidus

298 1522 541 1567 Potentialiter‚

250 1573 374 1605 Tamen
401 1572 613 1607 absconditus

299 1621 578 1664 substantialiter,

247 1671 381 1705 Exaudi
406 1672 544 1714 gemitus

297 1721 571 1763 Misericorditer‚

248 1771 335 1812 Quos
360 1774 518 1813 promunt
542 1771 679 1812 spiritus

298 1821 337 1855 In
364 1821 478 1862 poenis
504 1820 632 1863 iugiter.

248 1900 275 1933 O
302 1899 481 1934 virtutifica

298 1948 420 1983 Divina
444 1951 540 1993 ratio,

250 1999 387 2040 Semper
412 2000 562 2042 angelica

298 2049 399 2090 Quam
425 2049 541 2083 laudat
566 2051 684 2093 contio,

247 2098 298 2132 Sit
323 2108 342 2131 a
368 2098 523 2133 Satanica

295 2148 430 2183 Fraude
457 2148 604 2183 defensio

245 2198 369 2232 Nostra
395 2198 513 2233 deifica

293 2248 366 2282 Tua
390 2250 563 2291 protectio.

244 2328 269 2362 O
296 2331 414 2370 potens
440 2327 540 2371 figule

296 2379 407 2413 Omnis
436 2379 600 2420 creabilis,

245 2428 346 2469 Quem
373 2428 469 2461 homo
495 2429 611 2462 sedule

292 2478 427 2511 Laudat
453 2486 525 2511 cum
550 2478 687 2520 angelis,

202 2537 223 2563 D
232 2544 243 2560 r
249 2544 262 2561 e
268 2544 283 2560 v
289 2544 302 2561 ει
309 2545 321 2561 s
328 2554 334 2565 ,
352 2538 478 2562 Psalteria
494 2539 702 2563 Weasofontana.

881 431 939 464 92.

883 856 940 889 93.

877 1279 933 1312 94.

872 1705 928 1737 95.

871 2130 930 2165 96.

962 202 1020 236 Me
1045 204 1120 235 tuae
1143 200 1276 243 regulae

1012 251 1095 293 Liga
1120 249 1272 291 capitulis

961 300 1138 335 Errantem
1163 298 1282 334 frivole

1011 349 1127 383 Multis
1153 348 1302 390 piaculis.

966 430 1076 463 Decor
1100 427 1260 462 mirabilis

1011 479 1057 512 Et
1083 476 1293 522 divinissime,

962 527 1171 562 Invariabilis

1010 577 1057 610 Et
1082 576 1313 617 superoptime,

964 626 1023 660 Me
1047 627 1112 659 tuis
1137 625 1278 658 vinculis

1012 675 1117 708 Necte
1143 674 1349 708 strictissime

960 726 992 758 A
1020 724 1144 757 cunctis
1169 724 1307 757 maculis

1009 773 1206 807 Mundatum
1232 773 1369 808 animae.

967 854 1111 888 Verbum
1138 852 1301 893 altissimi,

1009 903 1098 936 Fons
1125 901 1306 944 sapientiae

959 952 1004 986 Et
1031 953 1145 985 imbris
1172 950 1288 993 optimi

1013 1001 1107 1035 Vitae
1132 1010 1170 1034 ac
1196 1000 1332 1044 gratiae,

961 1050 1012 1084 Ne
1036 1051 1127 1084 sinas
1153 1049 1316 1091 supprimi

1009 1100 1115 1133 Natos
1142 1099 1310 1141 ecclesiae,

961 1151 1047 1192 Quos
1073 1150 1183 1182 hostes
1209 1148 1344 1190 pessimi

1009 1199 1160 1232 Turbant
1181 1197 1313 1231 cotidie.

959 1278 1029 1311 Ens
1055 1277 1157 1310 menti
1181 1277 1320 1310 hominis

1008 1326 1223 1368 1ntelligibile

961 1377 1033 1409 Nec
1057 1386 1122 1409 non
1148 1376 1336 1417 synderesis

1008 1426 1072 1459 Per
1098 1425 1164 1458 vim
1190 1425 1342 1467 amabile,

961 1474 1029 1508 Mei
1055 1483 1142 1508 nunc
1166 1474 1301 1506 sceleris

1005 1524 1093 1557 Onus
1121 1523 1285 1565 culpabile

955 1572 1062 1606 Aufer
1089 1576 1122 1606 et
1147 1572 1289 1606 aetheris

1004 1622 1056 1655 Da
1082 1632 1215 1664 regnum
1243 1622 1372 1656 stabile.

956 1703 981 1737 Ο
1010 1701 1206 1735 delectabile

1005 1752 1125 1785 Verum
1151 1751 1363 1793 principium,

955 1801 1175 1845 Intellegibile

1004 1851 1096 1885 Dans
1125 1850 1334 1893 desiderium,

956 1902 1044 1935 Vere
1064 1900 1206 1934 amabile

1004 1950 1110 1984 Menti
1138 1950 1353 1995 credentium,

956 1999 1058 2034 Cordi
1082 1999 1232 2033 terribile

1005 2049 1097 2083 Male
1121 2048 1312 2083 viventium.

958 2129 1108 2164 Gausalis
1133 2129 1233 2162 statio

1007 2178 1204 2213 Cunctorum
1230 2180 1386 2212 stantium

954 2229 1026 2263 Nec
1049 2239 1116 2262 non
1142 2232 1175 2261 et
1199 2229 1299 2262 motio

1004 2278 1127 2313 Rerum
1152 2278 1332 2322 mobilium,

953 2329 1028 2362 Hoc
1053 2327 1215 2362 famulitio

1003 2378 1051 2412 Te
1075 2379 1302 2412 venerantium

957 2429 1009 2463 Sit
1033 2428 1190 2469 quietatio

1003 2476 1142 2511 Suarum
1168 2477 1336 2511 mentium.
