1650 2671
171 206 226 239 31.
255 206 280 240 O
307 214 432 238 summa
456 205 587 238 trinitas

303 255 413 296 Atque
437 253 585 293 mirifica,

253 305 319 338 Res
346 307 454 337 terrae
479 304 587 336 varias

306 352 426 386 Greans
452 362 491 385 ac
517 352 648 393 caelica,

256 404 443 445 Preeamur,
469 402 592 435 animas

305 449 445 485 Nostras
468 449 613 492 justifica

254 501 306 534 Ac
329 500 530 542 ignorantias

305 547 525 592 Sapientific-a.

176 630 232 663 32.
260 629 284 662 O
312 628 431 661 bonum
456 627 616 668 inclitum,

303 677 355 710 Ex
382 686 444 718 quo
470 680 546 709 sunt
569 676 686 717 omnia,

257 725 393 766 Spirans
417 726 612 766 paraclitum

308 774 384 808 Cum
412 774 583 816 sapientia,

258 825 419 858 Canentes
446 824 574 856 cantica

304 872 396 905 Haec
423 881 494 904 cum
520 872 645 904 laetitia

259 921 329 954 Duc
355 926 429 962 post
454 921 621 954 interitum

304 971 419 1004 Carnis
445 971 487 1003 ad
514 970 645 1004 caelica.

178 1053 230 1085 33,
261 1049 377 1092 Opifex
406 1049 497 1082 deice

308 1098 419 1131 Omnis
447 1098 609 1140 creabilis,

255 1148 396 1180 Turmae
421 1147 587 1188 angelicae

305 1195 598 1237 Superlaudabilis,

254 1244 509 1278 Ecclesiastieae

307 1294 401 1327 Plebi
426 1293 587 1337 amabilis,

256 1341 341 1377 Mihi
366 1342 519 1384 specifice

306 1391 573 1433 Superamabilis.

174 1472 230 1506 34.
258 1471 327 1504 Ens
354 1470 582 1511 principaliter

311 1518 437 1554 Creatis
465 1519 643 1563 dominans,

262 1570 310 1602 Te
334 1568 517 1602 liberaliter

310 1617 439 1652 Sanctis
467 1618 717 1659 communicans,

259 1667 372 1700 Hostis
398 1667 563 1699 serviliter

307 1717 394 1751 Tuos
420 1716 595 1748 humilians

260 1764 506 1800 confusibiliter

307 1814 465 1848 Discedat
491 1814 648 1855 rugitanS.

175 1894 231 1929 35.
259 1895 384 1928 Auctor
410 1903 427 1926 o
454 1893 620 1938 luminum,

309 1944 407 1978 Pater
433 1943 649 1986 omnipotenS,

260 1992 423 2025 Emittens
450 1993 578 2025 radium

310 2042 355 2075 Et
380 2040 515 2074 verbum
542 2042 683 2084 sapiens,

262 2091 326 2125 Cor
352 2099 458 2123 meum
484 2090 640 2123 stolidum

307 2139 390 2173 Esto
418 2139 580 2180 erudiens,

261 2189 404 2223 Currens
429 2197 489 2228 per
515 2188 630 2220 vitium

314 2238 408 2270 Velut
432 2237 600 2277 insipiens,

182 2321 239 2356 36.
264 2320 328 2353 Dei
352 2317 456 2351 unitio

317 2366 584 2409 Superamabilis‚

263 2419 350 2453 Divo
375 2425 435 2449 nos
460 2415 555 2449 radio

311 2467 434 2508 Ligans
460 2469 491 2497 et
518 2464 666 2506 vinculis,

957 202 1010 236 Ab
1036 202 1122 236 omni
1149 202 1227 235 vitio

1006 251 1108 285 Serva
1134 254 1168 283 et,
1192 251 1369 295 scandalis,

956 302 987 334 A
1013 301 1115 343 stygis
1143 301 1251 334 crucio

1001 350 1113 392 Atque
1138 349 1178 383 ab
1204 349 1350 384 aemulis,

873 430 930 463 37.
959 430 984 463 O
1012 439 1137 462 summa
1164 430 1268 463 deitas

1008 479 1116 521 Atque
1140 478 1296 519 potentia,

957 528 1054 561 Cuius
1080 537 1116 560 se
1140 527 1269 561 bonitas

1005 577 1060 610 Ad
1087 577 1277 610 exsistentia

958 626 1129 667 Extendit,
1155 626 1262 667 pietas

1006 675 1077 709 Tua
1104 678 1137 708 et
1162 675 1269 717 gratia

962 724 1076 758 Solvat
1100 724 1296 765 praeteritas

1009 773 1128 816 Calpas
1155 777 1186 806 et
1212 773 1302 807 vitia.

873 853 930 886 38.
959 852 983 885 O
1012 852 1146 885 verbum
1173 853 1300 885 deicum

1007 901 1248 945 inaccessibile,

960 952 1051 991 Quod
1078 959 1140 983 nec
1164 960 1224 992 per
1249 949 1420 991 physicum

1008 1000 1055 1033 Es
1082 999 1267 1040 eloquibile,

958 1049 1024 1081 Per
1046 1051 1193 1081 sanctum
1219 1047 1373 1090 spiritum

1006 1097 1110 1130 Nobis
1137 1097 1282 1130 audibile

957 1146 1002 1179 Et
1028 1155 1088 1186 per
1113 1146 1320 1186 seraphicum

1008 1195 1120 1236 Ignem
1151 1193 1303 1227 amabile.

876 1274 932 1307 39.
959 1273 1034 1306 Lux
1061 1281 1174 1305 carens
1202 1270 1361 1315 tenebris,

1009 1323 1184 1355 illustrans
1211 1321 1329 1366 omnia,

960 1373 1048 1413 Quae
1074 1373 1151 1403 sunt
1174 1375 1209 1404 in
1234 1371 1373 1411 superis,

1009 1421 1119 1461 Atque
1143 1419 1325 1464 terrestria,

961 1470 1123 1503 Succurre
1147 1469 1277 1502 miseris

1011 1518 1078 1552 Pro
1105 1522 1162 1552 tua
1187 1518 1294 1561 gratia

964 1569 1003 1602 In
1031 1569 1125 1601 domo
1153 1568 1294 1601 carceris

1013 1617 1139 1650 Vinctis
1163 1617 1204 1650 ob
1232 1617 1322 1650 vitia.

880 1700 936 1732 40.
965 1696 1097 1729 Summa
1122 1697 1275 1739 essentia,

1010 1745 1103 1779 Dans
1129 1754 1201 1778 esse
1226 1746 1376 1779 omnibus

963 1795 1028 1828 Per
1053 1794 1166 1827 mundi
1193 1795 1301 1836 spatia

1013 1845 1082 1878 Iam
1108 1844 1335 1887 existentibus,

962 1893 1000 1927 In
1029 1895 1219 1936 purgatoria

1013 1944 1125 1977 Poena
1150 1944 1382 1985 plangentibus

966 1992 1142 2026 Succurrat
1169 1993 1276 2035 gratia

1013 2043 1084 2075 Tua
1112 2042 1261 2075 celerius

881 2124 938 2155 41.
966 2123 1055 2162 Ignis
1081 2121 1122 2154 ab
1150 2122 1301 2155 omnibus

1013 2171 1248 2204 Irretentibilis

966 2219 1010 2252 Et
1036 2220 1072 2251 in
1096 2222 1131 2251 te
1156 2220 1289 2262 penitus

1014 2269 1061 2301 Es
1082 2267 1269 2309 invisibilis,

973 2317 998 2350 Ο
1025 2320 1138 2350 sancte
1163 2319 1311 2363 spiritus,

1018 2366 1108 2399 Deus
1135 2368 1297 2411 amabilis,

972 2416 1030 2449 Me
1054 2416 1122 2457 liga
1145 2416 1264 2449 fortius

1020 2465 1152 2499 Amoris
1178 2466 1329 2503 vinculis.
