1650 2671
139 224 219 261 125.

144 649 227 684 126.

140 1071 221 1106 127.

138 1495 219 1531 128.

140 1921 221 1957 129.

140 2347 222 2383 130.

668 128 933 166 —2‘25—

247 226 330 271 Ave,
359 225 540 260 consolatio

298 275 440 309 Animae
465 277 653 324 maerentis,

228 322 346 358 Cordis
374 325 540 359 desiderio

302 374 444 408 Animae
468 375 623 418 lugentis,

251 422 305 457 Da
329 424 364 457 in
390 425 582 468 purgatorio

303 472 460 507 Omnibus
490 474 631 509 detentis

250 521 415 556 Levamen
442 522 596 565 suffragio

303 571 373 605 Tuo
399 583 420 606 a
444 572 627 610 tormentis.

255 650 338 690 Ave,
365 652 468 693 stirps
494 652 637 686 Iesseica

305 700 483 734 Pulchrum
500 702 635 742 gignens
648 698 774 742 florem,

254 748 354 783 Cuius
380 749 495 783 mundi
521 749 648 783 fabrica

302 798 435 832 Gaudet
460 798 501 831 ob
531 799 692 841 decorem,

253 847 292 879 In
317 856 371 879 me
395 846 574 880 reaedifica

296 894 420 929 Fracta
445 903 506 936 per
532 903 676 928 errorem

250 942 369 985 Sicque
394 943 456 977 tibi
483 943 617 985 adplica

299 993 421 1028 Purum
448 1001 510 1035 per
535 1000 691 1027 amorem.

249 1073 332 1117 Ave,
360 1073 437 1107 vitis
464 1072 591 1116 gratiae

299 1122 457 1156 Fundens
483 1122 577 1155 nobis
603 1121 690 1161 vina,

254 1171 428 1205 Pessuntur
453 1171 637 1204 maestitiae

302 1220 424 1261 Quibus
451 1221 484 1254 vi
512 1221 633 1262 divina,

248 1269 408 1303 Precibus
434 1269 595 1303 ecclesiae

296 1319 457 1353 Auditum
482 1319 617 1362 inclina,

250 1368 339 1408 Quae
363 1369 517 1402 turbatur
541 1367 638 1401 varie

295 1418 431 1452 Fraude
456 1417 619 1451 zabolina.

246 1496 332 1540 Ave,
358 1497 451 1540 virga
473 1497 587 1531 Iessea

296 1546 384 1580 Miro
412 1546 541 1588 pollens
567 1543 658 1589 flore,

249 1595 381 1630 Caelica
410 1598 443 1629 et
468 1598 578 1629 terrea

296 1646 358 1688 Qui
383 1645 493 1688 replet
517 1645 630 1685 odore,

246 1693 273 1729 O
297 1695 410 1729 Mater
435 1694 594 1738 virginea,

295 1744 365 1778 Tuo
391 1753 453 1786 pro
475 1744 602 1778 honore

248 1793 359 1827 Corda
383 1795 480 1827 nosta
505 1801 623 1826 ruscea

295 1843 422 1885 Purges
448 1852 468 1874 a
494 1840 630 1875 foetore.

248 1922 335 1964 Ave,
363 1931 381 1955 o
409 1921 589 1955 triclinium

295 1971 360 2005 Dei
386 1971 563 2014 singulare,

249 2021 348 2056 Cuius
374 2021 597 2063 patrocinium

302 2070 410 2105 Conor
432 2069 625 2112 implorare,

247 2120 299 2156 Ut
323 2129 384 2164 per
407 2119 636 2162 purgatorium

294 2170 418 2203 Tantos
445 2170 605 2204 adiuvare

247 2220 403 2262 Digneris
432 2222 465 2252 et
491 2218 635 2252 crucium

296 2271 450 2313 Ipsorum
475 2269 598 2302 levare.

245 2349 331 2392 Ave,
358 2349 442 2383 caeli
464 2349 583 2391 lilium,

297 2400 382 2440 Ave,
409 2401 516 2432 mater
541 2398 616 2439 Dei,

247 2446 433 2488 Exemplar
458 2447 642 2487 humilium,
699 2458 708 2464 ·

298 2496 414 2530 Robur
439 2505 533 2530 meae
557 2498 639 2542 spei,

185 2559 206 2582 Ι)
214 2565 242 2582 re
251 2564 286 2582 ve
295 2564 306 2580 s
316 2576 321 2584 .
339 2556 466 2581 Psalteria
484 2557 679 2582 Wessofontona

849 458 930 494 131.

847 877 928 912 132.

847 1299 927 1335 133.

846 1725 926 1761 1354.

850 2151 931 2185 135.

956 231 1042 265 Mihi
1069 231 1126 265 des
1150 232 1306 266 auxilium

1002 280 1193 315 Miserendo
1220 282 1294 324 mei,

956 329 1009 364 Ne
1034 340 1133 373 cogar
1159 331 1308 364 exsilium

1006 379 1176 413 Sustinere
1201 381 1259 414 rei.

957 459 1040 498 Ave,
1067 463 1144 493 ante
1169 460 1333 494 saeculum

1004 507 1110 541 Filius
1136 518 1232 550 quam
1259 508 1322 541 Dei

956 556 1069 599 Elegit
1093 558 1127 591 in
1152 558 1330 592 thalamum

1007 605 1093 640 Suae
1117 607 1253 650 requiei,

957 655 1060 688 Prece
1085 657 1142 689 tua
1167 655 1358 689 scandalum

1005 703 1112 738 Aufer
1138 704 1246 737 cordis
1270 704 1346 745 mei,

956 752 1022 785 Per
1047 752 1167 785 amoris
1193 752 1358 785 vinculum

1006 800 1054 835 Ut
1079 800 1257 841 coniungar
1283 801 1323 835 ei.

955 877 1038 919 Ave,
1065 878 1122 910 lux
1149 877 1318 919 ecclesiae,

1003 927 1087 970 Ave,
1115 926 1225 961 virens
1251 926 1340 967 vitis,

955 975 1074 1009 Potum
1103 976 1184 1009 dans
1208 975 1357 1009 laetitiae

1006 1026 1126 1058 Animo
1150 1025 1263 1069 unitis,

956 1073 1155 1108 Scandalum
1183 1074 1369 1108 discordiae

1006 1123 1112 1167 Tolle,
1139 1127 1245 1156 mater
1269 1123 1368 1167 mitis,

957 1172 1071 1206 satum
1096 1182 1158 1214 per
1181 1172 1327 1205 malitiae

1003 1223 1127 1264 Regem
1153 1225 1251 1264 atque
1274 1221 1354 1256 litis,

954 1299 1038 1342 Ave,
1065 1310 1147 1343 prae
1172 1300 1336 1334 sideribus

1007 1350 1160 1384 Rutilans
1186 1359 1316 1383 aurora.

952 1399 1051 1433 Mare
1076 1399 1190 1432 mundi
1216 1399 1370 1432 nantibus

1005 1449 1056 1481 Tu
1081 1448 1197 1481 salutis
1221 1456 1333 1493 prora,

957 1497 1034 1531 Tibi
1060 1496 1295 1531 famulantibus

1006 1546 1154 1581 Gratiam
1181 1547 1324 1587 implora

954 1595 1002 1630 Et
1025 1604 1182 1630 succurre
1206 1596 1361 1638 precibus

1003 1645 1109 1679 Nobis
1134 1645 1251 1679 mortis
1275 1645 1368 1679 hora.

954 1725 1037 1770 Ave⁷
1066 1728 1184 1767 patens
1211 1725 1371 1767 oppidum

1005 1775 1129 1808 Nostro
1155 1775 1369 1817 redemptori,

956 1823 1117 1866 Largiens
1143 1824 1321 1866 hospitium

1007 1873 1124 1907 Carnis
1150 1873 1220 1907 eius
1244 1871 1331 1915 flori,

956 1922 1122 1957 Praebeas
1148 1922 1309 1956 solacium

1006 1972 1075 2006 Tuo
1101 1971 1279 2016 laudatori,

957 2021 1033 2055 Vim
1059 2022 1223 2063 repellens
1250 2021 1404 2064 hostium,

1007 2072 1087 2106 Cum
1116 2070 1284 2112 continget
1309 2072 1402 2105 mori.

958 2150 1041 2193 Ave,
1066 2149 1330 2183 amoenissimum

1007 2199 1141 2233 Domini
1168 2199 1333 2240 conclave,

960 2248 1020 2282 Cui
1045 2258 1107 2291 per
1132 2249 1365 2291 archangelum

1006 2298 1196 2332 Destinavit
1220 2298 1305 2342 Ave,

960 2348 1195 2382 Concinentem
1220 2347 1380 2382 famulum

1008 2397 1148 2432 Carmen
1173 2397 1237 2431 hoc
1262 2407 1363 2432 suave

961 2449 1144 2483 conserves
1169 2447 1204 2480 in
1229 2448 1397 2480 saeculum

1010 2495 1197 2530 inferorum
1225 2506 1244 2529 a
1270 2505 1339 2531 vae.

1274 2553 1307 2582 Π
