<?xml version="1.0" encoding="UTF-8"?>
<!DOCTYPE html PUBLIC "-//W3C//DTD XHTML 1.0 Transitional//EN"
    "http://www.w3.org/TR/xhtml1/DTD/xhtml1-transitional.dtd">
<html xmlns="http://www.w3.org/1999/xhtml" xml:lang="en" lang="en">
 <head>
  <title>
</title>
<meta http-equiv="Content-Type" content="text/html;charset=utf-8" />
  <meta name='ocr-system' content='tesseract 3.04.00' />
  <meta name='ocr-capabilities' content='ocr_page ocr_carea ocr_par ocr_line ocrx_word'/>
</head>
<body>
  <div class='ocr_page' id='page_1' title='image "./analectahymnica38drevuoft_00222.png"; bbox 0 0 1650 2671; ppageno 0'>
   <div class='ocr_carea' id='block_1_1' title="bbox 190 238 246 272">
    <p class='ocr_par' dir='ltr' id='par_1_1' title="bbox 190 238 246 272">
     <span class='ocr_line' id='line_1_1' title="bbox 190 238 246 272; baseline 0 -1"><span class='ocrx_word' id='word_1_1' title='bbox 190 238 246 272; x_wconf 81' lang='lat'>59.</span> 
     </span>
    </p>
   </div>
   <div class='ocr_carea' id='block_1_2' title="bbox 191 659 250 693">
    <p class='ocr_par' dir='ltr' id='par_1_2' title="bbox 191 659 250 693">
     <span class='ocr_line' id='line_1_2' title="bbox 191 659 250 693; baseline 0 0"><span class='ocrx_word' id='word_1_2' title='bbox 191 659 250 693; x_wconf 82' lang='lat'>60.</span> 
     </span>
    </p>
   </div>
   <div class='ocr_carea' id='block_1_3' title="bbox 188 1080 244 1113">
    <p class='ocr_par' dir='ltr' id='par_1_3' title="bbox 188 1080 244 1113">
     <span class='ocr_line' id='line_1_3' title="bbox 188 1080 244 1113; baseline 0 0"><span class='ocrx_word' id='word_1_3' title='bbox 188 1080 244 1113; x_wconf 84' lang='lat'>61.</span> 
     </span>
    </p>
   </div>
   <div class='ocr_carea' id='block_1_4' title="bbox 186 1501 242 1533">
    <p class='ocr_par' dir='ltr' id='par_1_4' title="bbox 186 1501 242 1533">
     <span class='ocr_line' id='line_1_4' title="bbox 186 1501 242 1533; baseline 0 0"><span class='ocrx_word' id='word_1_4' title='bbox 186 1501 242 1533; x_wconf 84' lang='grc'>62.</span> 
     </span>
    </p>
   </div>
   <div class='ocr_carea' id='block_1_5' title="bbox 184 1924 241 1957">
    <p class='ocr_par' dir='ltr' id='par_1_5' title="bbox 184 1924 241 1957">
     <span class='ocr_line' id='line_1_5' title="bbox 184 1924 241 1957; baseline -0.018 0"><span class='ocrx_word' id='word_1_5' title='bbox 184 1924 241 1957; x_wconf 81' lang='grc'>63.</span> 
     </span>
    </p>
   </div>
   <div class='ocr_carea' id='block_1_6' title="bbox 179 2350 236 2384">
    <p class='ocr_par' dir='ltr' id='par_1_6' title="bbox 179 2350 236 2384">
     <span class='ocr_line' id='line_1_6' title="bbox 179 2350 236 2384; baseline 0 0"><span class='ocrx_word' id='word_1_6' title='bbox 179 2350 236 2384; x_wconf 85' lang='lat'>64.</span> 
     </span>
    </p>
   </div>
   <div class='ocr_carea' id='block_1_7' title="bbox 274 238 708 624">
    <p class='ocr_par' dir='ltr' id='par_1_7' title="bbox 274 238 708 624">
     <span class='ocr_line' id='line_1_7' title="bbox 276 238 589 279; baseline 0 -8"><span class='ocrx_word' id='word_1_7' title='bbox 276 238 360 279; x_wconf 84' lang='lat' dir='ltr'>Ave,</span> <span class='ocrx_word' id='word_1_8' title='bbox 386 238 589 271; x_wconf 88' lang='lat' dir='ltr'>invincibilis</span> 
     </span>
     <span class='ocr_line' id='line_1_8' title="bbox 325 287 708 328; baseline 0.005 -9"><span class='ocrx_word' id='word_1_9' title='bbox 325 287 443 320; x_wconf 85' lang='lat' dir='ltr'>Turris</span> <span class='ocrx_word' id='word_1_10' title='bbox 469 296 553 328; x_wconf 82' lang='lat' dir='ltr'>quae</span> <span class='ocrx_word' id='word_1_11' title='bbox 576 287 708 321; x_wconf 80' lang='lat' dir='ltr'>firmata</span> 
     </span>
     <span class='ocr_line' id='line_1_9' title="bbox 274 336 652 378; baseline 0 -9"><span class='ocrx_word' id='word_1_12' title='bbox 274 336 370 369; x_wconf 87' lang='lat' dir='ltr'>Divis</span> <span class='ocrx_word' id='word_1_13' title='bbox 396 337 652 378; x_wconf 84' lang='lat' dir='ltr'>propugnaculis</span> 
     </span>
     <span class='ocr_line' id='line_1_10' title="bbox 323 384 624 427; baseline 0.007 -10"><span class='ocrx_word' id='word_1_14' title='bbox 323 384 371 418; x_wconf 87' lang='lat' dir='ltr'>Es</span> <span class='ocrx_word' id='word_1_15' title='bbox 398 388 432 417; x_wconf 80' lang='lat' dir='ltr'>et</span> <span class='ocrx_word' id='word_1_16' title='bbox 458 386 624 427; x_wconf 82' lang='lat' dir='ltr'>decorata,</span> 
     </span>
     <span class='ocr_line' id='line_1_11' title="bbox 278 433 674 469; baseline 0.008 -4"><span class='ocrx_word' id='word_1_17' title='bbox 278 433 382 468; x_wconf 86' lang='lat' dir='ltr'>Nulla</span> <span class='ocrx_word' id='word_1_18' title='bbox 409 435 494 468; x_wconf 86' lang='lat' dir='ltr'>clavi</span> <span class='ocrx_word' id='word_1_19' title='bbox 519 436 674 469; x_wconf 84' lang='lat' dir='ltr'>masculis</span> 
     </span>
     <span class='ocr_line' id='line_1_12' title="bbox 327 483 662 526; baseline -0.003 -8"><span class='ocrx_word' id='word_1_20' title='bbox 327 483 477 524; x_wconf 81' lang='lat' dir='ltr'>Unquam</span> <span class='ocrx_word' id='word_1_21' title='bbox 504 488 662 526; x_wconf 87' lang='lat' dir='ltr'>reserata,</span> 
     </span>
     <span class='ocr_line' id='line_1_13' title="bbox 275 531 636 575; baseline 0 -10"><span class='ocrx_word' id='word_1_22' title='bbox 275 531 343 566; x_wconf 84' lang='lat' dir='ltr'>Sed</span> <span class='ocrx_word' id='word_1_23' title='bbox 369 532 433 565; x_wconf 86' lang='lat' dir='ltr'>Dei</span> <span class='ocrx_word' id='word_1_24' title='bbox 458 533 636 575; x_wconf 79' lang='lat' dir='ltr'>signaculis</span> 
     </span>
     <span class='ocr_line' id='line_1_14' title="bbox 326 581 645 624; baseline 0.006 -9"><span class='ocrx_word' id='word_1_25' title='bbox 326 581 465 624; x_wconf 82' lang='lat' dir='ltr'>Semper</span> <span class='ocrx_word' id='word_1_26' title='bbox 490 583 645 624; x_wconf 85' lang='lat' dir='ltr'>sigillata.</span> 
     </span>
    </p>
   </div>
   <div class='ocr_carea' id='block_1_8' title="bbox 273 661 799 1035">
    <p class='ocr_par' dir='ltr' id='par_1_8' title="bbox 278 661 652 743">
     <span class='ocr_line' id='line_1_15' title="bbox 278 661 652 703; baseline 0.003 -11"><span class='ocrx_word' id='word_1_27' title='bbox 278 661 362 702; x_wconf 65' lang='lat' dir='ltr'>Ave,</span> <span class='ocrx_word' id='word_1_28' title='bbox 388 661 496 703; x_wconf 81' lang='lat' dir='ltr'>stella,</span> <span class='ocrx_word' id='word_1_29' title='bbox 524 662 652 701; x_wconf 81' lang='lat' dir='ltr'>puritas</span> 
     </span>
     <span class='ocr_line' id='line_1_16' title="bbox 329 709 636 743; baseline -0.003 0"><span class='ocrx_word' id='word_1_30' title='bbox 329 709 428 743; x_wconf 80' lang='lat' dir='ltr'>Cuius</span> <span class='ocrx_word' id='word_1_31' title='bbox 454 709 636 742; x_wconf 78' lang='lat' dir='ltr'>illustravit</span> 
     </span>
    </p>

    <p class='ocr_par' dir='ltr' id='par_1_9' title="bbox 278 758 799 848">
     <span class='ocr_line' id='line_1_17' title="bbox 278 758 799 801; baseline 0.002 -11"><span class='ocrx_word' id='word_1_32' title='bbox 278 758 451 801; x_wconf 89' lang='lat' dir='ltr'>Mundum,</span> <span class='ocrx_word' id='word_1_33' title='bbox 479 759 534 799; x_wconf 90' lang='lat' dir='ltr'>qui</span> <span class='ocrx_word' id='word_1_34' title='bbox 560 768 621 800; x_wconf 87' lang='lat' dir='ltr'>per</span> <span class='ocrx_word' id='word_1_35' title='bbox 646 759 799 792; x_wconf 78' lang='lat' dir='ltr'>tenebras</span> 
     </span>
     <span class='ocr_line' id='line_1_18' title="bbox 327 807 655 848; baseline -0.003 -8"><span class='ocrx_word' id='word_1_36' title='bbox 327 807 494 840; x_wconf 82' lang='lat' dir='ltr'>Scelerum</span> <span class='ocrx_word' id='word_1_37' title='bbox 522 807 655 848; x_wconf 81' lang='lat' dir='ltr'>erravit,</span> 
     </span>
    </p>

    <p class='ocr_par' dir='ltr' id='par_1_10' title="bbox 275 855 710 945">
     <span class='ocr_line' id='line_1_19' title="bbox 275 855 710 888; baseline 0 0"><span class='ocrx_word' id='word_1_38' title='bbox 275 855 342 888; x_wconf 89' lang='lat' dir='ltr'>Sed</span> <span class='ocrx_word' id='word_1_39' title='bbox 367 857 447 887; x_wconf 88' lang='lat' dir='ltr'>tunc</span> <span class='ocrx_word' id='word_1_40' title='bbox 473 855 543 887; x_wconf 88' lang='lat' dir='ltr'>eius</span> <span class='ocrx_word' id='word_1_41' title='bbox 570 856 710 888; x_wconf 87' lang='lat' dir='ltr'>caecitas</span> 
     </span>
     <span class='ocr_line' id='line_1_20' title="bbox 320 902 681 945; baseline 0 -10"><span class='ocrx_word' id='word_1_42' title='bbox 320 902 502 936; x_wconf 84' lang='lat' dir='ltr'>Plurimum</span> <span class='ocrx_word' id='word_1_43' title='bbox 530 904 681 945; x_wconf 80' lang='lat' dir='ltr'>cessavit,</span> 
     </span>
    </p>

    <p class='ocr_par' dir='ltr' id='par_1_11' title="bbox 273 951 668 1035">
     <span class='ocr_line' id='line_1_21' title="bbox 273 951 668 986; baseline 0 -2"><span class='ocrx_word' id='word_1_44' title='bbox 273 951 351 985; x_wconf 86' lang='lat' dir='ltr'>Cum</span> <span class='ocrx_word' id='word_1_45' title='bbox 380 961 415 984; x_wconf 88' lang='lat' dir='ltr'>se</span> <span class='ocrx_word' id='word_1_46' title='bbox 444 952 534 985; x_wconf 89' lang='lat' dir='ltr'>verbi</span> <span class='ocrx_word' id='word_1_47' title='bbox 562 952 668 986; x_wconf 89' lang='lat' dir='ltr'>deitas</span> 
     </span>
     <span class='ocr_line' id='line_1_22' title="bbox 321 1001 625 1035; baseline 0 0"><span class='ocrx_word' id='word_1_48' title='bbox 321 1001 429 1035; x_wconf 79' lang='lat' dir='ltr'>Carne</span> <span class='ocrx_word' id='word_1_49' title='bbox 456 1001 625 1035; x_wconf 79' lang='lat' dir='ltr'>calceavit.</span> 
     </span>
    </p>
   </div>
   <div class='ocr_carea' id='block_1_9' title="bbox 269 1080 665 1455">
    <p class='ocr_par' dir='ltr' id='par_1_12' title="bbox 269 1080 665 1455">
     <span class='ocr_line' id='line_1_23' title="bbox 272 1080 567 1121; baseline 0 -9"><span class='ocrx_word' id='word_1_50' title='bbox 272 1080 356 1121; x_wconf 81' lang='lat' dir='ltr'>Ave,</span> <span class='ocrx_word' id='word_1_51' title='bbox 384 1080 567 1121; x_wconf 82' lang='lat' dir='ltr'>sapientiae</span> 
     </span>
     <span class='ocr_line' id='line_1_24' title="bbox 320 1128 594 1170; baseline 0 -9"><span class='ocrx_word' id='word_1_52' title='bbox 320 1129 430 1161; x_wconf 81' lang='lat' dir='ltr'>Mater</span> <span class='ocrx_word' id='word_1_53' title='bbox 455 1128 594 1170; x_wconf 83' lang='lat' dir='ltr'>illibata,</span> 
     </span>
     <span class='ocr_line' id='line_1_25' title="bbox 273 1177 619 1219; baseline 0 -9"><span class='ocrx_word' id='word_1_54' title='bbox 273 1177 400 1219; x_wconf 82' lang='lat' dir='ltr'>Regina</span> <span class='ocrx_word' id='word_1_55' title='bbox 427 1178 619 1211; x_wconf 78' lang='lat' dir='ltr'>clementiae</span> 
     </span>
     <span class='ocr_line' id='line_1_26' title="bbox 320 1226 597 1268; baseline 0.007 -10"><span class='ocrx_word' id='word_1_56' title='bbox 320 1226 443 1259; x_wconf 87' lang='lat' dir='ltr'>Merito</span> <span class='ocrx_word' id='word_1_57' title='bbox 470 1230 597 1268; x_wconf 84' lang='lat' dir='ltr'>vocata,</span> 
     </span>
     <span class='ocr_line' id='line_1_27' title="bbox 270 1275 559 1309; baseline 0 -1"><span class='ocrx_word' id='word_1_58' title='bbox 270 1275 386 1308; x_wconf 84' lang='lat' dir='ltr'>Exora</span> <span class='ocrx_word' id='word_1_59' title='bbox 410 1275 559 1309; x_wconf 86' lang='lat' dir='ltr'>iustitiae</span> 
     </span>
     <span class='ocr_line' id='line_1_28' title="bbox 320 1324 635 1366; baseline 0 -8"><span class='ocrx_word' id='word_1_60' title='bbox 320 1325 454 1366; x_wconf 85' lang='lat' dir='ltr'>Regem,</span> <span class='ocrx_word' id='word_1_61' title='bbox 483 1333 500 1357; x_wconf 95' lang='grc' dir='ltr'><strong>ο</strong></span> <span class='ocrx_word' id='word_1_62' title='bbox 528 1324 635 1365; x_wconf 84' lang='lat' dir='ltr'>beata,</span> 
     </span>
     <span class='ocr_line' id='line_1_29' title="bbox 269 1372 665 1415; baseline 0 -9"><span class='ocrx_word' id='word_1_63' title='bbox 269 1372 315 1406; x_wconf 86' lang='lat' dir='ltr'>Ut</span> <span class='ocrx_word' id='word_1_64' title='bbox 340 1377 474 1406; x_wconf 86' lang='lat' dir='ltr'>nostrae</span> <span class='ocrx_word' id='word_1_65' title='bbox 498 1373 665 1415; x_wconf 79' lang='lat' dir='ltr'>nequitiae</span> 
     </span>
     <span class='ocr_line' id='line_1_30' title="bbox 319 1422 579 1455; baseline 0 0"><span class='ocrx_word' id='word_1_66' title='bbox 319 1422 435 1455; x_wconf 77' lang='lat' dir='ltr'>Diluat</span> <span class='ocrx_word' id='word_1_67' title='bbox 460 1426 579 1455; x_wconf 77' lang='lat' dir='ltr'>errata.</span> 
     </span>
    </p>
   </div>
   <div class='ocr_carea' id='block_1_10' title="bbox 267 1498 741 1878">
    <p class='ocr_par' dir='ltr' id='par_1_13' title="bbox 270 1498 720 1592">
     <span class='ocr_line' id='line_1_31' title="bbox 270 1498 720 1545; baseline 0.004 -13"><span class='ocrx_word' id='word_1_68' title='bbox 270 1499 352 1544; x_wconf 80' lang='lat' dir='ltr'>Ave,</span> <span class='ocrx_word' id='word_1_69' title='bbox 382 1500 493 1545; x_wconf 78' lang='lat' dir='ltr'>stirps,</span> <span class='ocrx_word' id='word_1_70' title='bbox 521 1510 585 1541; x_wconf 85' lang='lat' dir='ltr'>qua</span> <span class='ocrx_word' id='word_1_71' title='bbox 610 1498 720 1534; x_wconf 77' lang='lat' dir='ltr'>floruit</span> 
     </span>
     <span class='ocr_line' id='line_1_32' title="bbox 318 1549 644 1592; baseline 0 -10"><span class='ocrx_word' id='word_1_72' title='bbox 318 1549 395 1582; x_wconf 81' lang='lat' dir='ltr'>Nux</span> <span class='ocrx_word' id='word_1_73' title='bbox 422 1549 644 1592; x_wconf 82' lang='lat' dir='ltr'>amygdalina,</span> 
     </span>
    </p>

    <p class='ocr_par' dir='ltr' id='par_1_14' title="bbox 270 1598 741 1690">
     <span class='ocr_line' id='line_1_33' title="bbox 270 1598 741 1639; baseline 0.004 -9"><span class='ocrx_word' id='word_1_74' title='bbox 270 1598 333 1630; x_wconf 88' lang='lat' dir='ltr'>Per</span> <span class='ocrx_word' id='word_1_75' title='bbox 358 1607 452 1639; x_wconf 83' lang='lat' dir='ltr'>quam</span> <span class='ocrx_word' id='word_1_76' title='bbox 482 1599 607 1632; x_wconf 84' lang='lat' dir='ltr'>cunctis</span> <span class='ocrx_word' id='word_1_77' title='bbox 633 1601 741 1639; x_wconf 87' lang='lat' dir='ltr'>patuit</span> 
     </span>
     <span class='ocr_line' id='line_1_34' title="bbox 318 1647 692 1690; baseline 0 -9"><span class='ocrx_word' id='word_1_78' title='bbox 318 1647 402 1681; x_wconf 89' lang='lat' dir='ltr'>Olim</span> <span class='ocrx_word' id='word_1_79' title='bbox 430 1647 521 1681; x_wconf 86' lang='lat' dir='ltr'>fraus</span> <span class='ocrx_word' id='word_1_80' title='bbox 548 1649 692 1690; x_wconf 85' lang='lat' dir='ltr'>vulpina,</span> 
     </span>
    </p>

    <p class='ocr_par' dir='ltr' id='par_1_15' title="bbox 267 1697 651 1780">
     <span class='ocr_line' id='line_1_35' title="bbox 267 1697 651 1741; baseline 0.003 -12"><span class='ocrx_word' id='word_1_81' title='bbox 267 1697 367 1738; x_wconf 84' lang='lat' dir='ltr'>Ecce,</span> <span class='ocrx_word' id='word_1_82' title='bbox 395 1707 462 1739; x_wconf 82' lang='lat' dir='ltr'>nyx</span> <span class='ocrx_word' id='word_1_83' title='bbox 489 1697 651 1741; x_wconf 86' lang='lat' dir='ltr'>occubuit,</span> 
     </span>
     <span class='ocr_line' id='line_1_36' title="bbox 320 1746 612 1780; baseline 0.003 -1"><span class='ocrx_word' id='word_1_84' title='bbox 320 1746 423 1780; x_wconf 84' lang='lat' dir='ltr'>Nobis</span> <span class='ocrx_word' id='word_1_85' title='bbox 450 1747 612 1780; x_wconf 85' lang='lat' dir='ltr'>matutina</span> 
     </span>
    </p>

    <p class='ocr_par' dir='ltr' id='par_1_16' title="bbox 269 1794 722 1878">
     <span class='ocr_line' id='line_1_37' title="bbox 269 1794 722 1841; baseline 0 -14"><span class='ocrx_word' id='word_1_86' title='bbox 269 1794 336 1827; x_wconf 81' lang='lat' dir='ltr'>Sed</span> <span class='ocrx_word' id='word_1_87' title='bbox 360 1804 422 1838; x_wconf 79' lang='lat' dir='ltr'>per</span> <span class='ocrx_word' id='word_1_88' title='bbox 447 1799 482 1828; x_wconf 86' lang='lat' dir='ltr'>te</span> <span class='ocrx_word' id='word_1_89' title='bbox 506 1797 722 1841; x_wconf 76' lang='lat' dir='ltr'>resplenduit,</span> 
     </span>
     <span class='ocr_line' id='line_1_38' title="bbox 320 1845 631 1878; baseline 0 0"><span class='ocrx_word' id='word_1_90' title='bbox 320 1845 345 1878; x_wconf 96' lang='lat' dir='ltr'>O</span> <span class='ocrx_word' id='word_1_91' title='bbox 372 1845 470 1877; x_wconf 86' lang='lat' dir='ltr'>stella</span> <span class='ocrx_word' id='word_1_92' title='bbox 494 1846 631 1878; x_wconf 87' lang='lat' dir='ltr'>marina.</span> 
     </span>
    </p>
   </div>
   <div class='ocr_carea' id='block_1_11' title="bbox 266 1923 690 2311">
    <p class='ocr_par' dir='ltr' id='par_1_17' title="bbox 266 1923 690 2311">
     <span class='ocr_line' id='line_1_39' title="bbox 269 1923 637 1965; baseline 0 -10"><span class='ocrx_word' id='word_1_93' title='bbox 269 1923 352 1964; x_wconf 85' lang='lat' dir='ltr'>Ave,</span> <span class='ocrx_word' id='word_1_94' title='bbox 378 1923 472 1964; x_wconf 81' lang='lat' dir='ltr'>virgo</span> <span class='ocrx_word' id='word_1_95' title='bbox 497 1925 637 1965; x_wconf 79' lang='lat' dir='ltr'>mystico</span> 
     </span>
     <span class='ocr_line' id='line_1_40' title="bbox 319 1971 677 2014; baseline 0 -9"><span class='ocrx_word' id='word_1_96' title='bbox 319 1971 417 2005; x_wconf 83' lang='lat' dir='ltr'>Stans</span> <span class='ocrx_word' id='word_1_97' title='bbox 444 1976 558 2005; x_wconf 86' lang='lat' dir='ltr'>ornata</span> <span class='ocrx_word' id='word_1_98' title='bbox 586 1971 677 2014; x_wconf 88' lang='lat' dir='ltr'>flore,</span> 
     </span>
     <span class='ocr_line' id='line_1_41' title="bbox 268 2021 562 2063; baseline 0 -9"><span class='ocrx_word' id='word_1_99' title='bbox 268 2021 412 2063; x_wconf 83' lang='lat' dir='ltr'>Irrigata</span> <span class='ocrx_word' id='word_1_100' title='bbox 439 2021 562 2056; x_wconf 87' lang='lat' dir='ltr'>caelico</span> 
     </span>
     <span class='ocr_line' id='line_1_42' title="bbox 317 2070 614 2112; baseline -0.003 -7"><span class='ocrx_word' id='word_1_101' title='bbox 317 2070 504 2112; x_wconf 88' lang='lat' dir='ltr'>Divinoque</span> <span class='ocrx_word' id='word_1_102' title='bbox 529 2080 614 2110; x_wconf 87' lang='lat' dir='ltr'>rore,</span> 
     </span>
     <span class='ocr_line' id='line_1_43' title="bbox 266 2119 630 2161; baseline 0.003 -8"><span class='ocrx_word' id='word_1_103' title='bbox 266 2120 324 2153; x_wconf 89' lang='lat' dir='ltr'>Me</span> <span class='ocrx_word' id='word_1_104' title='bbox 350 2119 474 2153; x_wconf 84' lang='lat' dir='ltr'>fantem</span> <span class='ocrx_word' id='word_1_105' title='bbox 500 2121 630 2161; x_wconf 83' lang='lat' dir='ltr'>poetico</span> 
     </span>
     <span class='ocr_line' id='line_1_44' title="bbox 319 2170 671 2204; baseline -0.003 -1"><span class='ocrx_word' id='word_1_106' title='bbox 319 2170 453 2204; x_wconf 79' lang='lat' dir='ltr'>Laudes</span> <span class='ocrx_word' id='word_1_107' title='bbox 479 2173 553 2203; x_wconf 79' lang='lat' dir='ltr'>tuas</span> <span class='ocrx_word' id='word_1_108' title='bbox 579 2179 671 2204; x_wconf 86' lang='lat' dir='ltr'>more</span> 
     </span>
     <span class='ocr_line' id='line_1_45' title="bbox 269 2219 690 2253; baseline 0 0"><span class='ocrx_word' id='word_1_109' title='bbox 269 2219 467 2253; x_wconf 87' lang='lat' dir='ltr'>Praeserves</span> <span class='ocrx_word' id='word_1_110' title='bbox 494 2219 535 2252; x_wconf 88' lang='lat' dir='ltr'>ab</span> <span class='ocrx_word' id='word_1_111' title='bbox 563 2220 690 2253; x_wconf 88' lang='lat' dir='ltr'>hostico</span> 
     </span>
     <span class='ocr_line' id='line_1_46' title="bbox 316 2270 627 2311; baseline -0.006 -6"><span class='ocrx_word' id='word_1_112' title='bbox 316 2270 473 2311; x_wconf 87' lang='lat' dir='ltr'>Undique</span> <span class='ocrx_word' id='word_1_113' title='bbox 498 2270 627 2303; x_wconf 88' lang='lat' dir='ltr'>timore.</span> 
     </span>
    </p>
   </div>
   <div class='ocr_carea' id='block_1_12' title="bbox 264 2348 760 2539">
    <p class='ocr_par' dir='ltr' id='par_1_18' title="bbox 264 2348 760 2539">
     <span class='ocr_line' id='line_1_47' title="bbox 266 2348 622 2392; baseline -0.003 -8"><span class='ocrx_word' id='word_1_114' title='bbox 266 2349 348 2392; x_wconf 86' lang='lat' dir='ltr'>Ave,</span> <span class='ocrx_word' id='word_1_115' title='bbox 377 2348 622 2391; x_wconf 83' lang='lat' dir='ltr'>splendorifera</span> 
     </span>
     <span class='ocr_line' id='line_1_48' title="bbox 316 2398 726 2433; baseline -0.002 -1"><span class='ocrx_word' id='word_1_116' title='bbox 316 2399 421 2432; x_wconf 80' lang='lat' dir='ltr'>Stella</span> <span class='ocrx_word' id='word_1_117' title='bbox 444 2398 565 2433; x_wconf 85' lang='lat' dir='ltr'>sedans</span> <span class='ocrx_word' id='word_1_118' title='bbox 591 2398 726 2432; x_wconf 89' lang='lat' dir='ltr'>fluctum</span> 
     </span>
     <span class='ocr_line' id='line_1_49' title="bbox 264 2448 663 2489; baseline 0 -8"><span class='ocrx_word' id='word_1_119' title='bbox 264 2448 371 2482; x_wconf 86' lang='lat' dir='ltr'>Maris</span> <span class='ocrx_word' id='word_1_120' title='bbox 399 2453 432 2482; x_wconf 85' lang='lat' dir='ltr'>et,</span> <span class='ocrx_word' id='word_1_121' title='bbox 457 2450 501 2482; x_wconf 88' lang='lat' dir='ltr'>ad</span> <span class='ocrx_word' id='word_1_122' title='bbox 527 2449 663 2489; x_wconf 68' lang='lat' dir='ltr'>aethera</span> 
     </span>
     <span class='ocr_line' id='line_1_50' title="bbox 314 2497 760 2539; baseline -0.002 -7"><span class='ocrx_word' id='word_1_123' title='bbox 314 2497 415 2532; x_wconf 83' lang='lat' dir='ltr'>Iustis</span> <span class='ocrx_word' id='word_1_124' title='bbox 444 2499 525 2532; x_wconf 89' lang='lat' dir='ltr'>dans</span> <span class='ocrx_word' id='word_1_125' title='bbox 553 2499 760 2539; x_wconf 86' lang='lat' dir='ltr'>conductum,</span> 
     </span>
    </p>
   </div>
   <div class='ocr_carea' id='block_1_13' title="bbox 898 468 955 501">
    <p class='ocr_par' dir='ltr' id='par_1_19' title="bbox 898 468 955 501">
     <span class='ocr_line' id='line_1_51' title="bbox 898 468 955 501; baseline 0 0"><span class='ocrx_word' id='word_1_126' title='bbox 898 468 955 501; x_wconf 88' lang='lat'>65.</span> 
     </span>
    </p>
   </div>
   <div class='ocr_carea' id='block_1_14' title="bbox 900 886 956 920">
    <p class='ocr_par' dir='ltr' id='par_1_20' title="bbox 900 886 956 920">
     <span class='ocr_line' id='line_1_52' title="bbox 900 886 956 920; baseline 0.018 -1"><span class='ocrx_word' id='word_1_127' title='bbox 900 886 956 920; x_wconf 87' lang='grc'>66.</span> 
     </span>
    </p>
   </div>
   <div class='ocr_carea' id='block_1_15' title="bbox 892 1307 947 1341">
    <p class='ocr_par' dir='ltr' id='par_1_21' title="bbox 892 1307 947 1341">
     <span class='ocr_line' id='line_1_53' title="bbox 892 1307 947 1341; baseline -0.018 0"><span class='ocrx_word' id='word_1_128' title='bbox 892 1307 947 1341; x_wconf 80' lang='grc'>67.</span> 
     </span>
    </p>
   </div>
   <div class='ocr_carea' id='block_1_16' title="bbox 892 1732 947 1765">
    <p class='ocr_par' dir='ltr' id='par_1_22' title="bbox 892 1732 947 1765">
     <span class='ocr_line' id='line_1_54' title="bbox 892 1732 947 1765; baseline 0 -1"><span class='ocrx_word' id='word_1_129' title='bbox 892 1732 947 1765; x_wconf 74' lang='grc'>68.</span> 
     </span>
    </p>
   </div>
   <div class='ocr_carea' id='block_1_17' title="bbox 894 2154 948 2187">
    <p class='ocr_par' dir='ltr' id='par_1_23' title="bbox 894 2154 948 2187">
     <span class='ocr_line' id='line_1_55' title="bbox 894 2154 948 2187; baseline 0 -1"><span class='ocrx_word' id='word_1_130' title='bbox 894 2154 948 2187; x_wconf 87' lang='grc'>69.</span> 
     </span>
    </p>
   </div>
   <div class='ocr_carea' id='block_1_18' title="bbox 985 241 1463 422">
    <p class='ocr_par' dir='ltr' id='par_1_24' title="bbox 985 241 1463 331">
     <span class='ocr_line' id='line_1_56' title="bbox 985 241 1414 282; baseline -0.002 -8"><span class='ocrx_word' id='word_1_131' title='bbox 985 241 1101 274; x_wconf 83' lang='lat' dir='ltr'>Ortum</span> <span class='ocrx_word' id='word_1_132' title='bbox 1127 243 1262 282; x_wconf 74' lang='lat' dir='ltr'>propter</span> <span class='ocrx_word' id='word_1_133' title='bbox 1289 241 1414 273; x_wconf 81' lang='lat' dir='ltr'>scelera.</span> 
     </span>
     <span class='ocr_line' id='line_1_57' title="bbox 1032 290 1463 331; baseline -0.005 -8"><span class='ocrx_word' id='word_1_134' title='bbox 1032 290 1190 323; x_wconf 74' lang='lat' dir='ltr'>Nostrum</span> <span class='ocrx_word' id='word_1_135' title='bbox 1217 290 1305 331; x_wconf 77' lang='lat' dir='ltr'>pelle</span> <span class='ocrx_word' id='word_1_136' title='bbox 1329 290 1463 331; x_wconf 81' lang='lat' dir='ltr'>luctum,</span> 
     </span>
    </p>

    <p class='ocr_par' dir='ltr' id='par_1_25' title="bbox 985 337 1401 422">
     <span class='ocr_line' id='line_1_58' title="bbox 985 337 1399 381; baseline -0.005 -9"><span class='ocrx_word' id='word_1_137' title='bbox 985 339 1119 372; x_wconf 88' lang='lat' dir='ltr'>Donans</span> <span class='ocrx_word' id='word_1_138' title='bbox 1145 339 1237 381; x_wconf 84' lang='lat' dir='ltr'>pacis</span> <span class='ocrx_word' id='word_1_139' title='bbox 1263 337 1399 372; x_wconf 82' lang='lat' dir='ltr'>foedera</span> 
     </span>
     <span class='ocr_line' id='line_1_59' title="bbox 1032 386 1401 422; baseline 0.003 -1"><span class='ocrx_word' id='word_1_140' title='bbox 1032 388 1078 421; x_wconf 73' lang='lat' dir='ltr'>Et</span> <span class='ocrx_word' id='word_1_141' title='bbox 1103 388 1222 421; x_wconf 83' lang='lat' dir='ltr'>amoris</span> <span class='ocrx_word' id='word_1_142' title='bbox 1249 386 1401 422; x_wconf 87' lang='lat' dir='ltr'>fructum.</span> 
     </span>
    </p>
   </div>
   <div class='ocr_carea' id='block_1_19' title="bbox 981 467 1427 847">
    <p class='ocr_par' dir='ltr' id='par_1_26' title="bbox 981 467 1427 847">
     <span class='ocr_line' id='line_1_60' title="bbox 982 467 1344 510; baseline -0.003 -11"><span class='ocrx_word' id='word_1_143' title='bbox 982 467 1064 510; x_wconf 87' lang='lat' dir='ltr'>Ave,</span> <span class='ocrx_word' id='word_1_144' title='bbox 1093 475 1169 499; x_wconf 88' lang='lat' dir='ltr'>rosa</span> <span class='ocrx_word' id='word_1_145' title='bbox 1192 475 1344 499; x_wconf 88' lang='lat' dir='ltr'>recreans</span> 
     </span>
     <span class='ocr_line' id='line_1_61' title="bbox 1031 515 1338 557; baseline -0.007 -8"><span class='ocrx_word' id='word_1_146' title='bbox 1031 516 1200 550; x_wconf 88' lang='lat' dir='ltr'>Virtutum</span> <span class='ocrx_word' id='word_1_147' title='bbox 1227 515 1338 557; x_wconf 80' lang='lat' dir='ltr'>odore,</span> 
     </span>
     <span class='ocr_line' id='line_1_62' title="bbox 986 563 1357 597; baseline -0.003 0"><span class='ocrx_word' id='word_1_148' title='bbox 986 563 1083 597; x_wconf 89' lang='lat' dir='ltr'>Cuius</span> <span class='ocrx_word' id='word_1_149' title='bbox 1110 572 1190 597; x_wconf 86' lang='lat' dir='ltr'>cano</span> <span class='ocrx_word' id='word_1_150' title='bbox 1215 563 1357 597; x_wconf 89' lang='lat' dir='ltr'>iubilans</span> 
     </span>
     <span class='ocr_line' id='line_1_63' title="bbox 1032 612 1416 652; baseline -0.005 -6"><span class='ocrx_word' id='word_1_151' title='bbox 1032 612 1178 646; x_wconf 84' lang='lat' dir='ltr'>Laudem</span> <span class='ocrx_word' id='word_1_152' title='bbox 1204 613 1267 645; x_wconf 90' lang='lat' dir='ltr'>hoc</span> <span class='ocrx_word' id='word_1_153' title='bbox 1292 615 1416 652; x_wconf 82' lang='lat' dir='ltr'>tenore,</span> 
     </span>
     <span class='ocr_line' id='line_1_64' title="bbox 983 661 1427 695; baseline -0.007 0"><span class='ocrx_word' id='word_1_154' title='bbox 983 661 1046 694; x_wconf 82' lang='lat' dir='ltr'>Cor</span> <span class='ocrx_word' id='word_1_155' title='bbox 1071 670 1179 695; x_wconf 82' lang='lat' dir='ltr'>meum</span> <span class='ocrx_word' id='word_1_156' title='bbox 1206 663 1252 694; x_wconf 87' lang='lat' dir='ltr'>sis</span> <span class='ocrx_word' id='word_1_157' title='bbox 1277 662 1427 693; x_wconf 80' lang='lat' dir='ltr'>relevans</span> 
     </span>
     <span class='ocr_line' id='line_1_65' title="bbox 1029 711 1379 750; baseline -0.006 -8"><span class='ocrx_word' id='word_1_158' title='bbox 1029 711 1081 743; x_wconf 90' lang='lat' dir='ltr'>Ab</span> <span class='ocrx_word' id='word_1_159' title='bbox 1109 711 1194 742; x_wconf 91' lang='lat' dir='ltr'>omni</span> <span class='ocrx_word' id='word_1_160' title='bbox 1222 712 1379 750; x_wconf 83' lang='lat' dir='ltr'>languore</span> 
     </span>
     <span class='ocr_line' id='line_1_66' title="bbox 981 757 1403 792; baseline -0.007 0"><span class='ocrx_word' id='word_1_161' title='bbox 981 758 1096 792; x_wconf 72' lang='lat' dir='ltr'>Hostis</span> <span class='ocrx_word' id='word_1_162' title='bbox 1121 757 1224 792; x_wconf 81' lang='lat' dir='ltr'>infert</span> <span class='ocrx_word' id='word_1_163' title='bbox 1249 758 1403 790; x_wconf 90' lang='lat' dir='ltr'>minitans</span> 
     </span>
     <span class='ocr_line' id='line_1_67' title="bbox 1031 806 1390 847; baseline -0.003 -8"><span class='ocrx_word' id='word_1_164' title='bbox 1031 807 1130 847; x_wconf 78' lang='lat' dir='ltr'>Quem</span> <span class='ocrx_word' id='word_1_165' title='bbox 1158 816 1216 839; x_wconf 84' lang='lat' dir='ltr'>suo</span> <span class='ocrx_word' id='word_1_166' title='bbox 1241 806 1390 838; x_wconf 81' lang='lat' dir='ltr'>horrore.</span> 
     </span>
    </p>
   </div>
   <div class='ocr_carea' id='block_1_20' title="bbox 978 884 1395 1268">
    <p class='ocr_par' dir='ltr' id='par_1_27' title="bbox 978 884 1395 1268">
     <span class='ocr_line' id='line_1_68' title="bbox 983 884 1332 926; baseline -0.006 -9"><span class='ocrx_word' id='word_1_167' title='bbox 983 884 1067 926; x_wconf 79' lang='lat' dir='ltr'>Ave,</span> <span class='ocrx_word' id='word_1_168' title='bbox 1093 884 1332 917; x_wconf 85' lang='lat' dir='ltr'>nobilissimum</span> 
     </span>
     <span class='ocr_line' id='line_1_69' title="bbox 1027 931 1395 973; baseline -0.005 -7"><span class='ocrx_word' id='word_1_169' title='bbox 1027 932 1200 973; x_wconf 86' lang='lat' dir='ltr'>Templum</span> <span class='ocrx_word' id='word_1_170' title='bbox 1227 931 1395 972; x_wconf 79' lang='lat' dir='ltr'>trinitatiS,</span> 
     </span>
     <span class='ocr_line' id='line_1_70' title="bbox 979 981 1316 1024; baseline -0.009 -8"><span class='ocrx_word' id='word_1_171' title='bbox 979 982 1077 1016; x_wconf 85' lang='lat' dir='ltr'>Fidei</span> <span class='ocrx_word' id='word_1_172' title='bbox 1102 981 1316 1024; x_wconf 78' lang='lat' dir='ltr'>signaculum,</span> 
     </span>
     <span class='ocr_line' id='line_1_71' title="bbox 1027 1030 1341 1074; baseline -0.003 -11"><span class='ocrx_word' id='word_1_173' title='bbox 1027 1030 1151 1064; x_wconf 80' lang='lat' dir='ltr'>Lumen</span> <span class='ocrx_word' id='word_1_174' title='bbox 1179 1030 1341 1074; x_wconf 77' lang='lat' dir='ltr'>veritatis,</span> 
     </span>
     <span class='ocr_line' id='line_1_72' title="bbox 980 1079 1312 1123; baseline -0.012 -8"><span class='ocrx_word' id='word_1_175' title='bbox 980 1081 1058 1123; x_wconf 87' lang='lat' dir='ltr'>Spei</span> <span class='ocrx_word' id='word_1_176' title='bbox 1084 1079 1312 1119; x_wconf 79' lang='lat' dir='ltr'>retinaculum,</span> 
     </span>
     <span class='ocr_line' id='line_1_73' title="bbox 1029 1128 1395 1170; baseline -0.003 -8"><span class='ocrx_word' id='word_1_177' title='bbox 1029 1129 1195 1170; x_wconf 84' lang='lat' dir='ltr'>Splendor</span> <span class='ocrx_word' id='word_1_178' title='bbox 1223 1128 1395 1169; x_wconf 79' lang='lat' dir='ltr'>claritatis,</span> 
     </span>
     <span class='ocr_line' id='line_1_74' title="bbox 978 1178 1323 1212; baseline -0.006 0"><span class='ocrx_word' id='word_1_179' title='bbox 978 1179 1111 1212; x_wconf 80' lang='lat' dir='ltr'>Amoris</span> <span class='ocrx_word' id='word_1_180' title='bbox 1138 1178 1323 1211; x_wconf 77' lang='lat' dir='ltr'>vehiculum</span> 
     </span>
     <span class='ocr_line' id='line_1_75' title="bbox 1028 1227 1334 1268; baseline -0.003 -7"><span class='ocrx_word' id='word_1_181' title='bbox 1028 1228 1125 1261; x_wconf 82' lang='lat' dir='ltr'>Lima</span> <span class='ocrx_word' id='word_1_182' title='bbox 1149 1227 1334 1268; x_wconf 85' lang='lat' dir='ltr'>pravitatis.</span> 
     </span>
    </p>
   </div>
   <div class='ocr_carea' id='block_1_21' title="bbox 974 1306 1442 1692">
    <p class='ocr_par' dir='ltr' id='par_1_28' title="bbox 975 1306 1442 1393">
     <span class='ocr_line' id='line_1_76' title="bbox 975 1306 1350 1350; baseline -0.005 -10"><span class='ocrx_word' id='word_1_183' title='bbox 975 1307 1058 1350; x_wconf 77' lang='lat' dir='ltr'>Ave,</span> <span class='ocrx_word' id='word_1_184' title='bbox 1088 1306 1178 1339; x_wconf 88' lang='lat' dir='ltr'>cuius</span> <span class='ocrx_word' id='word_1_185' title='bbox 1207 1306 1350 1347; x_wconf 83' lang='lat' dir='ltr'>dignitas</span> 
     </span>
     <span class='ocr_line' id='line_1_77' title="bbox 1029 1355 1442 1393; baseline -0.005 -4"><span class='ocrx_word' id='word_1_186' title='bbox 1029 1355 1161 1389; x_wconf 87' lang='lat' dir='ltr'>Cunctis</span> <span class='ocrx_word' id='word_1_187' title='bbox 1189 1359 1237 1388; x_wconf 82' lang='lat' dir='ltr'>est</span> <span class='ocrx_word' id='word_1_188' title='bbox 1263 1355 1442 1393; x_wconf 77' lang='lat' dir='ltr'>laudanda,</span> 
     </span>
    </p>

    <p class='ocr_par' dir='ltr' id='par_1_29' title="bbox 976 1403 1387 1494">
     <span class='ocr_line' id='line_1_78' title="bbox 976 1403 1334 1438; baseline -0.006 -1"><span class='ocrx_word' id='word_1_189' title='bbox 976 1404 1123 1438; x_wconf 81' lang='lat' dir='ltr'>Maxime</span> <span class='ocrx_word' id='word_1_190' title='bbox 1149 1403 1334 1437; x_wconf 86' lang='lat' dir='ltr'>fecunditas</span> 
     </span>
     <span class='ocr_line' id='line_1_79' title="bbox 1026 1453 1387 1494; baseline -0.003 -8"><span class='ocrx_word' id='word_1_191' title='bbox 1026 1453 1130 1486; x_wconf 86' lang='lat' dir='ltr'>Nobis</span> <span class='ocrx_word' id='word_1_192' title='bbox 1156 1453 1387 1494; x_wconf 79' lang='lat' dir='ltr'>amplexanda,</span> 
     </span>
    </p>

    <p class='ocr_par' dir='ltr' id='par_1_30' title="bbox 976 1502 1348 1585">
     <span class='ocr_line' id='line_1_80' title="bbox 976 1502 1348 1542; baseline -0.003 -7"><span class='ocrx_word' id='word_1_193' title='bbox 976 1503 1047 1542; x_wconf 75' lang='lat' dir='ltr'>Qua</span> <span class='ocrx_word' id='word_1_194' title='bbox 1071 1502 1165 1536; x_wconf 85' lang='lat' dir='ltr'>verbi</span> <span class='ocrx_word' id='word_1_195' title='bbox 1193 1502 1348 1536; x_wconf 85' lang='lat' dir='ltr'>divinitas</span> 
     </span>
     <span class='ocr_line' id='line_1_81' title="bbox 1024 1551 1332 1585; baseline -0.003 -1"><span class='ocrx_word' id='word_1_196' title='bbox 1024 1552 1104 1585; x_wconf 82' lang='lat' dir='ltr'>Fuit</span> <span class='ocrx_word' id='word_1_197' title='bbox 1127 1551 1332 1584; x_wconf 85' lang='lat' dir='ltr'>incarnanda</span> 
     </span>
    </p>

    <p class='ocr_par' dir='ltr' id='par_1_31' title="bbox 974 1600 1343 1692">
     <span class='ocr_line' id='line_1_82' title="bbox 974 1600 1343 1642; baseline -0.005 -8"><span class='ocrx_word' id='word_1_198' title='bbox 974 1600 1021 1635; x_wconf 77' lang='lat' dir='ltr'>Et</span> <span class='ocrx_word' id='word_1_199' title='bbox 1047 1605 1140 1634; x_wconf 88' lang='lat' dir='ltr'>vetus</span> <span class='ocrx_word' id='word_1_200' title='bbox 1168 1601 1343 1642; x_wconf 86' lang='lat' dir='ltr'>eaptivitas</span> 
     </span>
     <span class='ocr_line' id='line_1_83' title="bbox 1022 1651 1343 1692; baseline 0.003 -8"><span class='ocrx_word' id='word_1_201' title='bbox 1022 1651 1120 1684; x_wconf 87' lang='lat' dir='ltr'>Adae</span> <span class='ocrx_word' id='word_1_202' title='bbox 1145 1651 1343 1692; x_wconf 82' lang='lat' dir='ltr'>reparanda.</span> 
     </span>
    </p>
   </div>
   <div class='ocr_carea' id='block_1_22' title="bbox 975 1730 1405 2115">
    <p class='ocr_par' dir='ltr' id='par_1_32' title="bbox 975 1730 1405 2115">
     <span class='ocr_line' id='line_1_84' title="bbox 976 1730 1394 1774; baseline -0.002 -10"><span class='ocrx_word' id='word_1_203' title='bbox 976 1733 1058 1774; x_wconf 83' lang='lat' dir='ltr'>Ave,</span> <span class='ocrx_word' id='word_1_204' title='bbox 1089 1731 1235 1772; x_wconf 84' lang='lat' dir='ltr'>prudens</span> <span class='ocrx_word' id='word_1_205' title='bbox 1264 1730 1394 1772; x_wconf 79' lang='lat' dir='ltr'>hospita</span> 
     </span>
     <span class='ocr_line' id='line_1_85' title="bbox 1026 1779 1370 1823; baseline -0.003 -10"><span class='ocrx_word' id='word_1_206' title='bbox 1026 1779 1151 1814; x_wconf 84' lang='lat' dir='ltr'>Christi</span> <span class='ocrx_word' id='word_1_207' title='bbox 1177 1780 1370 1823; x_wconf 79' lang='lat' dir='ltr'>exsulantis,</span> 
     </span>
     <span class='ocr_line' id='line_1_86' title="bbox 975 1828 1371 1870; baseline 0 -9"><span class='ocrx_word' id='word_1_208' title='bbox 975 1829 1030 1862; x_wconf 83' lang='lat' dir='ltr'>Ad</span> <span class='ocrx_word' id='word_1_209' title='bbox 1058 1828 1166 1861; x_wconf 89' lang='lat' dir='ltr'>caelos</span> <span class='ocrx_word' id='word_1_210' title='bbox 1195 1829 1371 1870; x_wconf 88' lang='lat' dir='ltr'>deperdita</span> 
     </span>
     <span class='ocr_line' id='line_1_87' title="bbox 1028 1877 1347 1922; baseline -0.003 -11"><span class='ocrx_word' id='word_1_211' title='bbox 1028 1877 1147 1911; x_wconf 85' lang='lat' dir='ltr'>Umero</span> <span class='ocrx_word' id='word_1_212' title='bbox 1172 1878 1347 1922; x_wconf 84' lang='lat' dir='ltr'>portantis,</span> 
     </span>
     <span class='ocr_line' id='line_1_88' title="bbox 979 1927 1309 1961; baseline -0.003 0"><span class='ocrx_word' id='word_1_213' title='bbox 979 1927 1142 1961; x_wconf 80' lang='lat' dir='ltr'>Fomitem</span> <span class='ocrx_word' id='word_1_214' title='bbox 1171 1927 1309 1960; x_wconf 61' lang='lat' dir='ltr'>delinita</span> 
     </span>
     <span class='ocr_line' id='line_1_89' title="bbox 1024 1975 1388 2020; baseline 0.003 -11"><span class='ocrx_word' id='word_1_215' title='bbox 1024 1975 1126 2009; x_wconf 87' lang='lat' dir='ltr'>Modo</span> <span class='ocrx_word' id='word_1_216' title='bbox 1154 1979 1187 2008; x_wconf 89' lang='lat' dir='ltr'>te</span> <span class='ocrx_word' id='word_1_217' title='bbox 1210 1976 1388 2020; x_wconf 86' lang='lat' dir='ltr'>laudantis,</span> 
     </span>
     <span class='ocr_line' id='line_1_90' title="bbox 975 2024 1405 2067; baseline 0.005 -10"><span class='ocrx_word' id='word_1_218' title='bbox 975 2024 1025 2058; x_wconf 88' lang='lat' dir='ltr'>Ne</span> <span class='ocrx_word' id='word_1_219' title='bbox 1050 2034 1177 2058; x_wconf 87' lang='lat' dir='ltr'>curram</span> <span class='ocrx_word' id='word_1_220' title='bbox 1203 2035 1265 2067; x_wconf 88' lang='lat' dir='ltr'>per</span> <span class='ocrx_word' id='word_1_221' title='bbox 1291 2026 1405 2059; x_wconf 88' lang='lat' dir='ltr'>abdita</span> 
     </span>
     <span class='ocr_line' id='line_1_91' title="bbox 1028 2074 1358 2115; baseline 0.009 -8"><span class='ocrx_word' id='word_1_222' title='bbox 1028 2074 1143 2107; x_wconf 87' lang='lat' dir='ltr'>Carnis</span> <span class='ocrx_word' id='word_1_223' title='bbox 1167 2075 1358 2115; x_wconf 62' lang='lat' dir='ltr'>petulantis</span> 
     </span>
    </p>
   </div>
   <div class='ocr_carea' id='block_1_23' title="bbox 976 2154 1394 2537">
    <p class='ocr_par' dir='ltr' id='par_1_33' title="bbox 976 2154 1394 2243">
     <span class='ocr_line' id='line_1_92' title="bbox 976 2154 1305 2196; baseline 0.003 -9"><span class='ocrx_word' id='word_1_224' title='bbox 976 2154 1060 2196; x_wconf 76' lang='lat' dir='ltr'>Ave,</span> <span class='ocrx_word' id='word_1_225' title='bbox 1090 2154 1172 2187; x_wconf 88' lang='lat' dir='ltr'>caeli</span> <span class='ocrx_word' id='word_1_226' title='bbox 1196 2155 1305 2196; x_wconf 82' lang='lat' dir='ltr'>ianua,</span> 
     </span>
     <span class='ocr_line' id='line_1_93' title="bbox 1029 2203 1394 2243; baseline 0.008 -8"><span class='ocrx_word' id='word_1_227' title='bbox 1029 2203 1129 2243; x_wconf 71' lang='lat' dir='ltr'>Quam</span> <span class='ocrx_word' id='word_1_228' title='bbox 1158 2203 1222 2236; x_wconf 90' lang='lat' dir='ltr'>hac</span> <span class='ocrx_word' id='word_1_229' title='bbox 1244 2205 1394 2238; x_wconf 85' lang='lat' dir='ltr'>cantione</span> 
     </span>
    </p>

    <p class='ocr_par' dir='ltr' id='par_1_34' title="bbox 978 2252 1385 2346">
     <span class='ocr_line' id='line_1_94' title="bbox 978 2252 1385 2288; baseline 0.01 -4"><span class='ocrx_word' id='word_1_230' title='bbox 978 2252 1092 2285; x_wconf 89' lang='lat' dir='ltr'>Laudo</span> <span class='ocrx_word' id='word_1_231' title='bbox 1119 2254 1237 2286; x_wconf 87' lang='lat' dir='ltr'>mentis</span> <span class='ocrx_word' id='word_1_232' title='bbox 1265 2262 1385 2288; x_wconf 88' lang='lat' dir='ltr'>cernua</span> 
     </span>
     <span class='ocr_line' id='line_1_95' title="bbox 1025 2300 1285 2346; baseline 0.008 -12"><span class='ocrx_word' id='word_1_233' title='bbox 1025 2300 1285 2346; x_wconf 76' lang='lat' dir='ltr'>Supplicatione‚</span> 
     </span>
    </p>

    <p class='ocr_par' dir='ltr' id='par_1_35' title="bbox 976 2350 1377 2537">
     <span class='ocr_line' id='line_1_96' title="bbox 979 2350 1316 2394; baseline 0.006 -10"><span class='ocrx_word' id='word_1_234' title='bbox 979 2350 1030 2384; x_wconf 92' lang='lat' dir='ltr'>Sis</span> <span class='ocrx_word' id='word_1_235' title='bbox 1056 2351 1137 2384; x_wconf 87' lang='lat' dir='ltr'>mihi</span> <span class='ocrx_word' id='word_1_236' title='bbox 1165 2353 1316 2394; x_wconf 88' lang='lat' dir='ltr'>contigua</span> 
     </span>
     <span class='ocr_line' id='line_1_97' title="bbox 1026 2399 1334 2443; baseline 0.006 -10"><span class='ocrx_word' id='word_1_237' title='bbox 1026 2399 1104 2433; x_wconf 90' lang='lat' dir='ltr'>Cum</span> <span class='ocrx_word' id='word_1_238' title='bbox 1134 2400 1334 2443; x_wconf 85' lang='lat' dir='ltr'>defensione,</span> 
     </span>
     <span class='ocr_line' id='line_1_98' title="bbox 976 2448 1377 2493; baseline 0.007 -10"><span class='ocrx_word' id='word_1_239' title='bbox 976 2448 1028 2483; x_wconf 86' lang='lat' dir='ltr'>Ne</span> <span class='ocrx_word' id='word_1_240' title='bbox 1053 2451 1247 2493; x_wconf 84' lang='lat' dir='ltr'>supplanter</span> <span class='ocrx_word' id='word_1_241' title='bbox 1272 2461 1377 2486; x_wconf 90' lang='lat' dir='ltr'>nocua</span> 
     </span>
     <span class='ocr_line' id='line_1_99' title="bbox 1028 2499 1329 2537; baseline 0.01 -5"><span class='ocrx_word' id='word_1_242' title='bbox 1028 2499 1142 2533; x_wconf 80' lang='lat' dir='ltr'>Hostis</span> <span class='ocrx_word' id='word_1_243' title='bbox 1168 2502 1329 2537; x_wconf 83' lang='lat' dir='ltr'>suasione.</span> 
     </span>
    </p>
   </div>
  </div>
 </body>
</html>
