1650 2671
610 663 664 696 III.
704 662 902 695 Psalterium
929 661 1081 695 Tertium.

662 764 976 807 Quinquagena
1009 765 1036 798 1.

190 855 223 889 1.
251 856 278 889 O
304 854 448 895 primum
473 855 672 896 principium

298 904 448 937 Omnium
474 907 508 937 et
534 913 640 949 causa,

251 954 304 987 Da
330 952 412 986 felix
438 954 567 986 initium

298 1004 468 1044 Aperique
494 1004 614 1046 clausa,

251 1052 472 1093 Nostrumque
498 1052 668 1085 serv1tium

295 1102 361 1135 Per
386 1105 420 1134 te
442 1101 550 1142 ipsum
578 1110 676 1134 causa

247 1150 294 1183 Et
318 1159 379 1190 per
404 1150 596 1183 beneficium

301 1199 438 1240 Semper
463 1199 500 1231 in
521 1208 580 1232 nos
606 1208 719 1240 pausa.

193 1279 224 1310 2.
255 1278 280 1311 O
307 1276 514 1318 sapientifica

301 1327 410 1361 Patris
436 1328 473 1358 tu
499 1326 624 1369 sophia,

251 1375 352 1415 Quam
379 1375 483 1408 omnis
509 1375 659 1417 angelica

300 1423 432 1457 Laudat
458 1424 655 1467 hierarchia,

249 1473 296 1506 Te
322 1473 418 1506 nobis
444 1473 597 1506 theotoca

300 1521 422 1556 Grenuit
447 1523 568 1564 Maria,

249 1572 359 1606 Ducas
383 1581 443 1606 nos
469 1573 512 1605 ad
540 1573 664 1606 caelica

295 1621 369 1655 Hac
393 1621 489 1656 finita
513 1621 577 1656 via.

188 1702 220 1736 3.
248 1702 273 1735 Ο
300 1701 516 1744 intellegibile

296 1752 422 1785 Lumen
448 1751 622 1795 trinitatis,

248 1802 427 1835 Praestans
454 1803 487 1833 te
512 1801 654 1835 amabile

297 1851 378 1892 Igne
405 1851 563 1895 caritatis,

250 1900 302 1934 Sis
327 1900 586 1943 inexpugnabile

296 1950 430 1984 scutum
458 1950 618 1983 trinitatis

248 2000 280 2033 A
304 1999 457 2042 malignis
485 1998 603 2033 frivole

293 2049 467 2092 Nimisque
491 2050 648 2092 gravatis.

182 2133 214 2164 4.
247 2131 273 2165 O
298 2129 545 2172 magnificentia

292 2181 434 2214 Sanctae
455 2180 627 2223 trinitatis,

242 2231 323 2266 Tuis
350 2228 511 2263 beneficia

297 2280 406 2314 Multa
432 2283 607 2320 praestans
633 2279 746 2322 gratis=

243 2330 370 2364 Audiat
397 2329 585 2371 benignitas

296 2379 387 2413 Tuae
411 2379 547 2421 pietatis

247 2430 445 2471 Conscripta
472 2429 644 2470 sequentia

292 2479 376 2513 Stilo
402 2479 565 2514 veritatis.

895 855 927 888 5.
954 853 1100 887 Verbum
1124 863 1192 887 non
1218 853 1352 887 dicibile

1003 902 1048 935 Ni
1073 903 1161 945 patri
1188 906 1332 936 aeterno.

954 953 1001 986 At
1024 952 1240 995 intellegibile

1005 1002 1106 1035 Oculo
1132 1001 1272 1040 interno,

957 1052 982 1085 O
1009 1051 1118 1084 lumen
1144 1051 1294 1095 amabile,

1005 1100 1081 1133 Tibi
1107 1109 1159 1132 me
1183 1099 1355 1133 substerno

956 1149 1003 1182 Et
1027 1157 1122 1182 omne
1149 1149 1314 1190 culpabile

1006 1199 1147 1240 Propter
1172 1201 1207 1231 te
1231 1208 1319 1232 nunc
1343 1208 1476 1240 sperno.

898 1279 929 1311 6.
953 1278 1037 1321 Lux,
1068 1278 1157 1310 cuius
1182 1278 1325 1311 essentia

1007 1326 1170 1367 Splendet
1195 1327 1236 1360 ab
1263 1330 1408 1369 aeterno,

956 1375 1054 1409 Fidei
1081 1385 1175 1417 quan]
1203 1376 1308 1418 gratia

1007 1425 1037 1457 A
1063 1425 1198 1458 remotis
1224 1434 1334 1466 cerno,

958 1474 1006 1507 Te
1032 1484 1093 1515 pro
1119 1474 1326 1517 indulgentia

1006 1523 1126 1556 Petens
1153 1533 1206 1556 me
1230 1527 1414 1567 prosterno,

958 1573 1009 1606 Ne
1035 1582 1095 1614 pro
1121 1573 1306 1613 pertinacia

1004 1622 1132 1656 Tradas
1158 1632 1211 1655 me
1235 1621 1374 1656 inferno,

896 1703 928 1735 7.
957 1703 1082 1735 Amans
1109 1704 1141 1735 et
1169 1702 1320 1735 amabilis

1008 1751 1121 1785 Nexus
1145 1753 1325 1793 utriusque,

957 1801 1004 1835 Es
1031 1801 1309 1843 superlaudabilis

1005 1850 1110 1884 Nobis
1136 1851 1321 1893 utrobique,

956 1900 1057 1933 Satan
1083 1909 1143 1934 nos
1171 1909 1243 1933 cum
1273 1900 1408 1934 aemulis

1003 1949 1159 1983 Molestat
1185 1950 1306 1992 inique,

954 1999 1033 2032 Tuis
1060 1999 1268 2033 adminiculis

1007 2047 1187 2082 Succurras
1212 2049 1343 2091 ubique.

896 2130 929 2164 8.
955 2129 1093 2163 Bonitas
1118 2129 1318 2175 thearchica,

1006 2178 1154 2220 Simplex
1180 2179 1214 2212 in
1240 2182 1367 2219 natura,

956 2230 1058 2271 Quam
1083 2228 1198 2262 laudat
1222 2228 1385 2267 theotoca,

1008 2278 1107 2320 Virgo
1133 2287 1264 2320 semper
1289 2288 1383 2322 pura,

955 2329 1009 2363 Ita
1036 2330 1068 2361 et
1094 2328 1242 2370 angelica

1006 2377 1104 2412 Felix
1130 2381 1291 2423 creatura,

955 2427 1055 2461 Plebs
1082 2428 1307 2461 ecclesiastica

1005 2476 1057 2512 Sit
1080 2478 1116 2511 in
1140 2479 1199 2510 tua
1225 2487 1311 2511 cura.
