1650 2671
222 252 228 261 .
283 231 338 285 92.

288 636 344 671 93.

278 1039 333 1071 94.

278 1443 334 1475 95.

271 1846 328 1881 96.

812 136 1080 173 —205—

365 231 448 276 Ave,
476 231 658 274 privilegiis

414 281 534 315 Matris
562 282 728 327 decorata,

367 329 447 363 Ideo
476 331 622 373 collegiis

418 380 612 414 Sanctorum
637 382 797 424 praelata,

367 429 444 462 Mea
469 440 560 463 mens
584 440 605 463 a
629 431 717 465 vitiis

418 478 560 513 Multum
589 480 765 522 deturpata

367 527 415 560 Te
440 529 526 570 petit
550 538 611 570 pro
635 529 761 572 gratiis,

416 577 442 611 Ο
468 580 574 612 mater
600 578 706 615 beata,

372 636 456 678 Ave,
483 647 502 670 o
528 638 690 679 navicula,

415 686 454 719 In
481 695 545 728 qua
571 685 800 719 transfretavit

367 734 526 778 Christus,
552 744 624 767 cum
651 735 796 776 pericula

415 784 534 817 Mundi
561 784 755 824 degustavit,

367 831 512 872 Corpore
538 835 570 863 et
595 832 704 864 anima

414 880 461 912 Te
485 879 688 922 laetificavit,

363 928 442 961 Cum
470 933 504 961 te
529 937 629 969 super
654 928 784 970 agmina

411 977 500 1010 Caeli
528 978 696 1011 exaltavit.

361 1037 436 1070 Ave
461 1047 480 1070 o
506 1037 693 1070 hausarium

412 1086 528 1127 Aquae
554 1084 655 1118 fontis
682 1087 779 1129 vitae,

364 1135 430 1168 Per
455 1135 680 1167 invitatorium

416 1185 613 1219 Clamitans:
643 1183 769 1224 Venite,

367 1234 445 1267 Sitis
471 1232 681 1275 adiutorium,

413 1283 561 1317 Gratiam
588 1282 726 1324 haurite,

362 1332 553 1366 Gaudenter
579 1332 623 1364 ad
648 1332 817 1373 proprium

411 1382 534 1415 Locum
561 1381 610 1413 sic
635 1381 752 1413 redite.

362 1441 443 1480 Ave,
471 1440 709 1474 nobilissimum

408 1490 517 1523 Decus
544 1489 701 1533 puellare,

360 1539 462 1579 Quam
488 1538 578 1571 istud
602 1547 664 1581 per
690 1538 851 1571 canticum

409 1588 518 1622 Conor
545 1588 703 1631 exaltare,

356 1637 440 1670 Nam
469 1642 519 1670 est
544 1637 773 1670 suavissimum

404 1687 489 1721 Mihi
516 1691 549 1720 te
575 1696 686 1720 amare

356 1737 528 1779 Tuamque
552 1737 765 1777 praeconium

407 1786 540 1819 Cunctis
566 1786 752 1827 propalare.

355 1846 438 1887 Ave,
466 1852 549 1886 quae
574 1844 751 1877 virtutibus

404 1893 520 1926 Multis
546 1892 702 1926 decorata

357 1942 455 1975 Nunc
480 1952 515 1976 es
540 1942 575 1974 in
602 1941 796 1975 caelestibus

406 1992 546 2025 Multum
573 1992 726 2036 exaltata,

1011 444 1067 478 97.

1010 841 1070 876 98.

1006 1244 1062 1277 99.

1094 237 1183 271 Laus
1210 237 1244 269 in
1270 235 1320 269 his
1348 237 1544 270 carminibus

1145 285 1220 319 Tibi
1247 285 1420 319 decantata

1094 336 1125 369 A
1151 338 1184 367 te
1209 334 1439 367 venerantibus

1145 382 1284 417 Auferat
1308 387 1454 425 peccata.

1094 444 1177 486 Ave,
1206 443 1257 475 cui
1283 442 1438 475 attentius

1146 491 1236 525 Caeli
1262 491 1467 524 hierarchiae

1094 540 1198 574 Tubis
1223 541 1259 573 in
1286 539 1463 572 ductilibus

1145 589 1293 621 Psallant
1318 589 1405 621 omni
1433 589 1496 630 die,

1095 637 1142 670 Te
1167 637 1338 670 laudantes
1363 638 1533 677 plausibus

1144 686 1249 718 Huius
1276 685 1437 718 melodiae

1093 734 1204 767 Visita
1230 733 1443 775 frequentius.

1143 783 1168 815 O
1195 785 1300 814 mater
1325 782 1478 817 Messiae.

1096 841 1179 885 Ave,
1208 851 1226 874 ο
1252 841 1432 874 sacrarium

1141 889 1205 922 Dei
1230 889 1399 931 virginale,

1092 938 1192 973 Cuius
1217 947 1345 980 quoque
1362 939 1481 971 solium

1141 987 1188 1020 Es
1214 987 1394 1030 imperiale,

1092 1036 1204 1070 Meum
1231 1036 1325 1069 aufer
1352 1037 1474 1069 varium

1145 1086 1275 1119 Pondus
1302 1086 1482 1130 criminale,

1091 1135 1172 1168 Post
1193 1144 1236 1167 ne
1261 1143 1313 1168 me
1336 1135 1524 1169 incendium

1142 1185 1228 1218 Urat
1252 1185 1442 1226 gehennale.

1089 1245 1172 1285 Ave,
1199 1246 1298 1286 porta
1325 1243 1471 1277 clavibus

1141 1292 1250 1325 Nullis
1277 1296 1435 1334 reserata,

1093 1342 1259 1375 Virtutum
1288 1342 1444 1375 divinitus

1140 1390 1283 1424 Gemmis
1311 1391 1476 1435 decorata,

1089 1440 1174 1474 Meis
1201 1440 1402 1482 genitoribus

1137 1488 1280 1522 Subveni
1307 1489 1413 1532 beata,

1090 1539 1176 1580 Quos
1199 1537 1286 1572 forte
1309 1539 1344 1571 in
1369 1539 1500 1580 ignibus

1137 1587 1295 1621 Detinent
1320 1592 1466 1629 peccata.

978 1648 1060 1682 100.
1085 1649 1167 1691 Ave,
1197 1648 1280 1680 caeli
1307 1647 1421 1681 lilium.

1138 1696 1236 1730 Cuius
1262 1698 1439 1730 odoramen

1090 1746 1194 1787 Saepe
1221 1747 1343 1781 mulcet
1368 1746 1484 1789 filium,

1138 1796 1271 1828 Patrem
1296 1798 1394 1837 atque
1418 1794 1548 1839 flamen,

1090 1845 1168 1878 Cum
1196 1845 1260 1877 erit
1283 1844 1452 1889 iudicium,

1135 1893 1219 1926 Mihi
1248 1895 1290 1927 da
1316 1894 1471 1939 solamen,

1088 1942 1139 1976 Ne
1164 1941 1269 1975 feram
1297 1942 1461 1977 excidium

1135 1992 1216 2026 Cum
1244 1993 1417 2028 damnatis.
1470 1997 1587 2031 Amen.

727 2081 1046 2123 Quinquagena
1071 2081 1135 2116 III.

270 2154 350 2188 101.
378 2153 462 2194 Ave,
488 2153 603 2191 mater,
635 2150 763 2183 animae

426 2203 538 2243 Vagae
563 2200 775 2242 hospitatrix‚

377 2252 466 2292 Quae
492 2260 528 2284 se
553 2251 647 2283 noxis
674 2250 817 2291 pessime

421 2302 553 2336 Foedat
579 2302 611 2332 et
637 2299 817 2342 peccatrix,

375 2351 466 2393 Rogo
494 2350 704 2384 devotissime

424 2401 482 2443 Te,
510 2411 529 2434 ο
555 2400 599 2434 mi
626 2398 780 2441 amatrix,

374 2450 471 2484 Meae
497 2454 532 2484 ut
560 2450 716 2482 citissime

397 2501 522 2534 Mentis
548 2500 593 2534 sis
621 2498 778 2533 curatrix.

977 2150 1057 2186 102.
1085 2152 1167 2192 Ave,
1194 2151 1296 2194 virgo,
1325 2153 1437 2195 aquila

1133 2200 1195 2233 Dei
1221 2202 1407 2245 singularis,

1085 2250 1201 2284 Omnia
1226 2260 1286 2292 per
1311 2253 1443 2286 saecula

1135 2298 1212 2333 Cum
1240 2310 1302 2343 quo
1325 2301 1529 2345 iucundaris,

1086 2350 1198 2393 Prece‚
1226 2360 1315 2394 rogo,
1344 2352 1460 2385 sedula

1132 2399 1211 2433 Odis
1237 2400 1289 2434 his
1315 2402 1505 2445 praeclaris,

1083 2447 1251 2483 Momenta
1276 2460 1337 2492 per
1362 2451 1490 2494 singula

1132 2498 1178 2532 Ut
1203 2509 1255 2532 me
1278 2501 1416 2536 tuearis,
