1650 2671
161 192 218 225 67.

163 615 218 649 68.

160 1039 216 1071 69.

158 1459 212 1492 70.

154 1880 211 1914 71.

154 2302 208 2335 72.

705 94 947 130 -62—

246 192 327 230 Ave,
356 190 439 233 fons,
467 202 529 234 quo
558 192 711 235 defluunt,

293 241 371 274 Rivi
396 242 588 285 gratiarum,

246 291 307 332 Qui
334 291 523 324 credentum
551 291 680 324 diluunt

293 339 443 373 Maculas
471 341 651 384 culparum,

243 389 343 424 Unde
370 389 459 422 chori
489 390 663 422 concinunt

292 438 613 479 Tympanistriarum

246 487 387 529 Laudes,
416 487 533 529 quibus
558 486 707 533 affluunt,

293 536 533 572 Amicitiamm.

248 618 330 657 Ave,
358 615 431 649 fons
456 616 671 657 progrediens

294 664 433 697 Davidis
461 665 502 697 de
529 666 636 709 domo,

244 714 339 746 Adae
365 714 496 747 sordem
522 714 657 747 abluens

294 763 503 797 Contractam
529 764 562 796 in
589 773 695 807 pomo,

249 812 311 845 Per
337 812 435 856 sitim,
464 821 560 853 quam
586 813 727 845 moriens

295 860 435 893 Sanctae
462 862 567 893 crucis
594 870 684 894 ramo

245 909 393 952 sensisti,
420 910 465 942 sis
492 913 666 951 protegens

293 959 350 991 Me
375 959 416 991 ab
442 959 544 991 hostis
570 959 676 993 hamo.

245 1038 326 1080 A've,
355 1037 409 1078 qui
435 1037 598 1078 principio

295 1086 394 1119 Cares
420 1088 517 1127 atque
542 1086 616 1125 fine,

244 1135 395 1176 Regnans
420 1135 456 1167 in
482 1135 645 1168 consortio

293 1183 437 1217 Unitatis
464 1184 580 1227 trinae,

241 1232 395 1273 Tempus,
423 1242 485 1273 quo
514 1233 555 1265 de
580 1234 688 1266 medio

290 1281 414 1320 Tollar,
443 1284 493 1313 est
518 1280 629 1325 affine,

242 1330 328 1363 Hinc
355 1331 475 1362 clamo:
504 1332 654 1371 precario

291 1379 431 1412 Subveni
460 1378 589 1413 festine.

241 1459 322 1498 Ave,
351 1457 424 1490 fons
445 1456 609 1500 melliflue,

292 1508 406 1540 Potum
436 1507 517 1540 dans
542 1508 657 1540 salutis

240 1556 288 1589 Te
314 1559 371 1588 tua
398 1556 547 1588 continue

293 1604 410 1638 Gratia
436 1605 566 1646 secutis,

243 1654 353 1687 Noxas
379 1663 495 1696 graves
524 1654 617 1687 dirue

287 1703 384 1736 Meae
408 1703 585 1736 iuventutis

242 1752 286 1785 Et
313 1750 442 1784 felicem
469 1752 577 1784 tribue

290 1801 416 1835 Statum
444 1801 630 1836 senectutis,

235 1881 319 1921 Ave,
347 1881 401 1921 qui
427 1881 460 1913 in
484 1881 615 1913 nomine

287 1929 357 1962 Tuo
385 1928 585 1963 confidentes

236 1978 323 2011 Miro
350 1977 432 2011 facis
459 1979 603 2020 germine

286 2027 452 2060 Virtutum
477 2026 640 2072 florentes,

236 2076 309 2109 Hoc
334 2086 367 2108 m
394 2080 449 2108 tuo
478 2077 621 2109 carmine

287 2125 335 2157 Te
361 2125 592 2158 benedicentes

237 2173 307 2207 Sint
334 2174 394 2206 sub
420 2175 512 2215 pacis
538 2175 680 2216 tegmine

284 2223 374 2255 Tuae
399 2223 613 2264 quiescentes.

236 2301 318 2342 Ave,
348 2302 399 2334 cui
426 2302 590 2334 adhaereo

284 2350 381 2383 Hunc
406 2360 466 2392 per
492 2350 695 2393 famulatum,

236 2400 320 2433 Nam
346 2402 379 2432 te
405 2409 529 2432 summa
557 2409 673 2433 censeo

286 2450 400 2483 Laude
426 2449 645 2494 sublimatum,

868 422 923 456 73.

866 842 922 875 74.

865 1263 920 1296 75.

861 1685 917 1718 76.

860 2108 915 2140 77.

952 195 1000 228 Te
1026 204 1164 229 exorans
1191 197 1273 230 adeo

1003 246 1067 279 Pro
1093 255 1144 278 me
1169 244 1381 289 flagellatum,

953 294 1000 328 Ut
1025 295 1093 327 luto
1119 304 1258 329 venereo

999 344 1141 377 Mundes
1167 346 1376 379 maculatum.

951 421 1033 465 Ave,
1061 422 1115 463 qui
1143 423 1324 456 catholicae

1001 470 1046 503 Es
1071 471 1237 512 religionis

950 519 1086 563 Auctor,
1114 520 1173 553 sed
1200 521 1385 553 haereticae

1000 567 1117 600 Pulsor
1142 567 1291 614 fictionis,

953 616 1004 649 Sis
1031 617 1272 650 ecclesiasticae

998 665 1127 698 Memor
1152 667 1294 699 nationis

951 715 1062 755 Atque
1088 718 1188 755 caput
1215 715 1306 748 deice

998 763 1154 796 Barathri
1182 764 1345 798 draconis.

950 845 1032 884 Ave,
1060 843 1135 876 Iesu
1160 843 1274 875 inclite

997 891 1119 924 Rector
1145 892 1369 933 Olymporum,

949 940 1078 981 Regens
1104 943 1176 973 tuos
1204 941 1314 974 debite

998 988 1094 1021 Loris
1119 992 1382 1034 praeceptorum,

949 1037 1089 1071 Dicens:
1118 1039 1358 1080 apprehendite

999 1086 1217 1127 Disciplinam
1244 1097 1380 1130 morum,

950 1134 1001 1167 Ne
1027 1136 1134 1168 dicam
1164 1135 1367 1180 „discedite“

997 1185 1034 1217 In
1063 1183 1127 1216 fine
1148 1186 1362 1219 saeculorum.

948 1264 1030 1304 Ave,
1058 1263 1115 1295 lux
1143 1262 1270 1304 deifica,

998 1311 1183 1352 Splendens
1209 1322 1229 1345 a
1254 1314 1389 1347 remotis

951 1360 1060 1394 Corda
1085 1361 1119 1393 in
1145 1360 1294 1403 pacifica,

998 1409 1134 1451 Quaeso,
1161 1419 1214 1443 me
1239 1411 1365 1444 devotis

947 1458 1026 1490 Tuis
1053 1458 1246 1499 aequalifica

995 1507 1082 1540 Fide
1107 1507 1168 1540 tibi
1194 1508 1291 1551 notis,

948 1555 1002 1589 Sic
1028 1559 1064 1589 ut
1088 1566 1242 1597 spernam
1267 1557 1396 1591 lubrica

994 1605 1127 1638 Viribus
1155 1615 1195 1639 ex
1220 1607 1309 1641 totis,

944 1684 1027 1727 Ave,
1056 1685 1147 1717 sidus
1174 1686 1341 1730 caelicum,

995 1733 1117 1766 Lucem
1145 1734 1226 1766 dans
1254 1735 1398 1767 cursanti

944 1782 1050 1815 Huius
1076 1783 1190 1815 mundi
1215 1783 1377 1816 lubricum

995 1832 1172 1872 Culpisque
1198 1833 1330 1877 erranti,

944 1880 996 1913 Da
1023 1881 1101 1913 mihi
1129 1880 1346 1914 Cherubieum

993 1929 1116 1962 Lumen
1147 1930 1339 1971 deprecanti

944 1978 988 2011 Et
1015 1988 1074 2020 per
1100 1980 1182 2012 illud
1212 1981 1372 2012 canticum

991 2027 1122 2061 Laudes
1149 2032 1221 2062 tuas
1248 2027 1343 2062 fanti.

943 2108 1024 2150 Ave,
1053 2107 1207 2139 alimonia

993 2156 1111 2196 Populi
1138 2156 1302 2188 credentis

943 2204 1067 2237 Laudis
1093 2213 1154 2245 per
1179 2205 1356 2245 praeconia

990 2253 1037 2285 Te
1063 2253 1298 2297 benedicentis,

942 2301 1052 2334 Refice
1077 2302 1189 2334 inania

990 2351 1097 2394 Meae,
1125 2360 1256 2396 quaeso,
1283 2352 1413 2395 mentis,

940 2399 1094 2433 Hostium
1119 2401 1275 2434 immania

990 2449 1084 2482 Bella
1109 2450 1278 2491 patientis.
