1650 2671
712 152 979 189 —143-

168 249 224 284 93.
241 248 348 289 Salve,
379 248 583 289 pupillorum
610 251 747 296 opifera,

242 297 336 339 Spes,
364 297 493 338 asylum
525 301 624 339 atque
646 299 814 345 solacium,

244 345 361 379 Cordis
376 346 439 379 mei
454 348 622 388 planctum
638 349 819 393 considera,

241 392 364 429 Natum
375 395 454 428 mihi
466 396 608 430 reddens
628 398 818 438 propitium.

171 459 235 492 94.
251 458 360 500 Salve,
385 468 468 501 quae
485 460 671 493 sanctitatis
689 462 821 494 tramite

248 508 447 549 Angelorum
477 509 611 542 excellis
638 510 777 552 agmina,

247 557 295 590 Te
321 561 509 599 precantem
538 557 667 600 obstipo
697 560 804 600 capite

250 606 314 638 Per
340 615 481 639 amorem
508 607 568 640 tibi
594 608 774 649 adglutina.

171 670 228 704 95.
247 669 356 713 Salve,
385 671 476 711 virgo
504 669 675 712 pulchrior
702 671 820 704 Noemi

247 719 408 756 Puritate,
421 722 455 751 et
479 720 705 762 sanctimonia,

245 767 295 800 Ne
301 769 676 813 permittas,pres:amur,
686 770 815 810 oprimi,

242 816 328 858 Quos
355 817 547 858 impugnant

317 875 416 898 saeva
443 866 625 899 daemonia.

172 929 231 963 96.
246 929 355 970 Salve,
377 930 478 971 virgo,
498 938 581 971 quae
601 930 683 962 caeli
701 929 814 962 ianuas

242 979 373 1011 Intrans
400 987 517 1020 regnas

319 1037 390 1060 cum
418 1027 489 1062 Deo
515 1029 690 1071 perpetim,

246 1078 477 1110 Amamentum
491 1086 597 1110 meum
612 1086 654 1110 ne
667 1086 814 1118 respuas,

245 1127 314 1167 Quo
343 1128 480 1167 cogente
506 1131 539 1159 te
562 1126 662 1159 laudo
680 1124 814 1159 affatim.

900 253 955 286 97.
972 251 1080 296 Salve,
1108 250 1306 292 virginitatis
1333 250 1511 294 speculum,

970 300 1089 333 Matris
1115 303 1222 332 tamen

1046 350 1196 383 honorem
1226 348 1382 389 retinens,

968 398 1025 430 Me
1051 401 1243 439 pangentem

1042 448 1199 480 honorem
1225 447 1374 479 sedulum

968 495 1073 528 Tuum
1098 499 1156 528 tua
1172 496 1217 528 sis
1234 504 1334 538 prece
1351 493 1515 529 refovens,

897 560 953 593 98.
971 558 1078 602 Salve,
1105 562 1210 591 mater
1234 559 1347 592 mundi
1375 557 1513 603 opificis,

970 606 1049 640 Cum
1057 616 1119 648 quo
1127 608 1282 649 reguasin
1293 608 1374 640 caeli
1381 607 1523 652 sedibus,

971 655 1088 688 Verbis
1114 656 1179 687 tuis
1205 656 1292 689 hunc
1319 654 1499 689 delenificis

967 704 1163 737 Demuleere
1182 705 1278 738 stude
1293 705 1514 740 credentibus

893 769 948 801 99.
967 767 1074 802 Salve,
1103 767 1193 799 cuius
1220 770 1315 800 natus
1341 762 1374 800 iri
1393 769 1514 800 umeris

964 815 1073 849 Sacris
1088 824 1179 849 ovem
1195 817 1322 849 revexit
1335 817 1511 858 perditam,

965 865 1063 898 Viam
1090 873 1167 906 rege
1192 866 1295 898 nostri
1321 866 1451 898 itineris

965 914 1029 947 Per
1055 915 1211 947 virtutum
1238 914 1297 947 tibi
1316 915 1505 957 ingenitam.

869 978 949 1014 100.
968 976 1076 1020 Salve,
1104 977 1192 1010 tribu
1214 987 1297 1020 quae
1315 987 1355 1012 ex
1376 979 1512 1013 Iudaica

966 1026 1054 1060 Nata
1068 1036 1165 1060 ornas
1180 1028 1264 1060 hanc
1272 1028 1510 1072 multipliciter,

966 1075 1197 1109 Detractorum
1224 1077 1331 1109 iacula
1358 1076 1469 1109 fellica

964 1124 1141 1159 Declinare
1164 1124 1218 1158 fac
1242 1134 1295 1158 me
1319 1126 1496 1160 subtiliter.

638 1205 954 1247 Quinquagena
986 1203 1048 1237 111.

170 1273 252 1308 101.
268 1273 394 1314 Gaude,
412 1273 502 1307 cuius
511 1273 619 1315 fulget
626 1274 815 1308 manubries

270 1323 377 1363 Super
402 1333 515 1356 aurum
534 1327 633 1364 atque
650 1324 813 1365 topazion,

267 1371 384 1405 Hostis
404 1381 464 1413 per
481 1375 514 1405 te
532 1372 680 1405 frenetur
693 1372 813 1416 rabies,

269 1421 340 1461 Qua
352 1422 495 1455 intentat
504 1421 596 1454 nobis
605 1422 813 1463 supplicium.

171 1485 252 1518 102.
270 1483 397 1526 Gaude,
413 1494 520 1518 comes
535 1485 814 1527 peregrinantium

268 1535 520 1576 lerarchiaeque
547 1534 629 1567 caeli
657 1534 799 1576 domina,

265 1583 441 1616 Beatorum
472 1585 514 1617 da
541 1583 788 1617 contubernium

266 1632 454 1666 Modulanti

339 1682 422 1715 haee
446 1682 581 1716 laudum
607 1682 763 1716 carmina.

165 1746 248 1780 103.
269 1746 395 1788 Gaude,
425 1747 525 1792 virgo,
556 1746 640 1780 cella
666 1748 804 1788 vinaria,

262 1796 380 1829 Vinum
410 1796 505 1829 nobis

337 1845 518 1888 propinans
545 1846 681 1888 gratiae,

263 1893 321 1928 Me
345 1898 516 1928 nutantem

335 1953 395 1984 per
420 1944 534 1977 mundi
559 1946 652 1978 varia

258 1993 382 2038 Firma,
391 2002 521 2035 precor,
531 1994 615 2027 dono
624 1994 836 2030 constantiae.

164 2057 245 2092 104.
263 2057 390 2101 Gaude,
418 2058 553 2100 pietatis
582 2058 715 2099 vicaria,

258 2106 405 2141 IraeDei
415 2108 814 2152 constringensimpetum‚

259 2157 421 2198 Captione
454 2157 496 2190 da
524 2158 709 2191 carceraria

261 2207 372 2249 Stygis
400 2215 441 2240 ne
468 2216 543 2240 con-

339 2255 467 2299 fringar
492 2261 569 2298 post
594 2256 731 2292 obitum.

167 2317 247 2351 105.
265 2316 393 2358 Gaude,
422 2316 512 2350 orbis
536 2316 653 2358 regina
679 2316 803 2360 inclita,

264 2367 490 2407 Supernorum
517 2365 631 2400 fruens
659 2366 801 2409 deliciis,

260 2417 382 2451 Sensus
409 2419 540 2450 nostros

335 2466 523 2500 auscultans
549 2465 658 2510 visita,

263 2517 333 2550 Hos
352 2515 538 2549 reformans
552 2515 695 2549 deiectos
711 2514 813 2549 vitiis.

874 1274 957 1308 106.
972 1272 1099 1314 Gaude,
1108 1273 1223 1315 planta
1231 1274 1298 1306 cael
1304 1275 1381 1307 estis
1387 1274 1518 1308 hortuli.

973 1321 1150 1356 Suavitatis

1049 1372 1235 1412 producens
1261 1373 1441 1415 palmitem,

973 1420 1111 1460 Quaeso,
1141 1421 1185 1452 tui
1215 1431 1254 1454 ex
1281 1422 1382 1455 corde
1408 1420 1521 1455 famuli

971 1469 1119 1504 Eradica
1144 1470 1271 1510 peccati
1300 1472 1467 1513 cespitem.

877 1550 956 1583 107.
972 1548 1100 1592 Gaude,
1128 1549 1232 1591 virgo,

1047 1607 1143 1639 quam
1170 1599 1241 1631 laus
1269 1599 1460 1632 harmonica

971 1647 1009 1681 In
1036 1647 1173 1680 excelsis
1201 1649 1331 1682 extollit
1356 1648 1487 1689 iugiter,

973 1697 1065 1730 Odae
1094 1697 1190 1730 huius
1217 1698 1361 1731 ausculta
1391 1698 1519 1731 cantica

971 1748 1095 1780 Aurem
1102 1745 1237 1780 flectens
1246 1747 1519 1781 misericorditer.

875 1821 956 1856 108.
972 1820 1100 1863 Gaude,
1119 1821 1222 1863 virgo,
1237 1830 1322 1863 quae
1337 1830 1435 1863 passo
1449 1820 1518 1854 filio

973 1871 1119 1904 Astitisti
1146 1870 1405 1911 lacrimabiliter,

971 1919 1092 1954 Hostes
1119 1921 1174 1953 tuo
1203 1919 1298 1954 frena
1324 1920 1445 1954 auxilio

973 1970 1179 2004 insectantes
1204 1980 1264 2003 nos
1292 1969 1473 2004 odibiliter.

876 2044 957 2079 109.
974 2043 1099 2086 Gaude,
1127 2046 1233 2077 mater

1044 2093 1153 2128 nostri
1177 2093 1435 2135 Melchisedech,

975 2142 1102 2185 Nempe
1127 2143 1200 2184 ipse
1218 2146 1269 2176 est
1286 2152 1345 2176 rex
1363 2144 1518 2179 iustitiae,

974 2192 1045 2225 Tua
1062 2201 1161 2234 prece
1179 2193 1307 2226 vincam
1324 2193 1519 2226 Abimelech

973 2241 1195 2284 Malignorum
1222 2243 1385 2283 stipatum·
1407 2243 1489 2278 acie.

878 2316 960 2351 110.
977 2315 1102 2358 Gaude,
1131 2317 1237 2361 virgo,

1047 2367 1138 2400 cuius
1166 2367 1324 2400 memoria

974 2416 1140 2450 Desolatis
1167 2418 1217 2449 est
1244 2417 1434 2458 consolatio,

974 2465 1099 2507 Dignos
1126 2474 1221 2498 sacra
1244 2474 1303 2498 nos
1324 2464 1523 2498 eucharistia

973 2514 1046 2548 Tua
1070 2513 1171 2548 faeiat
1195 2515 1400 2548 intercessio.
