1650 2671
717 134 979 171 -116—

175 234 328 273 27.Ave,
357 234 446 267 cuius
474 234 515 267 de
540 232 734 266 excellentia

248 282 473 316 Collaetantur
499 282 613 314 turbae
638 280 795 322 fidelium,

245 332 310 364 Per
335 332 489 364 virtutem
516 335 604 364 tuam
631 330 775 371 nequitia

244 380 439 414 1mmutetur
463 381 551 413 mala
575 379 787 421 loquentium.

174 477 228 510 28.
246 475 327 517 Ave,
353 475 440 519 Iesu,
464 473 557 515 aquis
583 473 792 514 baptismatis

242 523 407 557 Mundans
432 523 493 555 tibi

317 581 471 613 sponsam
498 570 679 614 ecclesiam,

244 621 487 662 Scripturarum

316 671 480 703 condensa
506 668 666 711 dogmatis

243 717 422 752 Manifesta
447 719 540 752 nobis
566 726 627 760 per
652 716 802 757 gratiam.

171 814 325 853 29.Ave,
353 812 439 851 Iesu,
468 812 509 845 de
528 810 637 844 David
665 809 810 851 germine

243 863 306 896 Per
331 861 459 895 Mariae
486 860 613 902 genitus
639 859 776 898 viscera,

241 912 310 944 Tuo
325 914 437 943 sancto
452 910 640 949 redemptos
654 907 811 948 sanguine

246 959 422 993 Consolare
446 959 480 991 in
509 958 594 990 vitae
620 965 767 997 vespera.

170 1054 226 1088 30.
241 1054 321 1091 Ave,
351 1053 440 1085 euius
466 1050 695 1083 misericordia

241 1100 454 1135 collaudatur
463 1108 523 1140 per
533 1099 659 1139 prolem
670 1097 807 1139 gratiae,

240 1150 297 1182 Me
323 1158 380 1181 vas
406 1150 476 1181 irae
502 1147 624 1180 factum
650 1155 709 1188 per
728 1145 810 1178 vitia

243 1198 307 1231 Vas
333 1198 466 1230 honoris
487 1195 541 1230 fac
560 1198 656 1237 atque
673 1194 807 1237 gloriae.

167 1292 320 1333 31.Ave,
347 1291 432 1326 Iesu.
460 1291 618 1323 relaxans
644 1288 781 1320 crimina

238 1340 360 1375 Sunt-th
393 1342 576 1381 opportuno
594 1339 627 1370 in
646 1341 804 1377 tempore,

237 1390 371 1429 Nostra,
386 1397 516 1430 quaeso,
528 1391 601 1428 tege
610 1386 804 1427 peccamina

237 1438 366 1471 Mentes
383 1438 514 1479 replens
535 1436 645 1469 divino
660 1443 806 1468 munere.

167 1533 321 1572 32.Ave‚
348 1530 434 1572 Iesu,
461 1529 722 1563 misericordiam

240 1580 376 1620 Semper
390 1589 501 1613 amans
515 1579 573 1612 sed
590 1581 622 1610 et
633 1577 804 1618 iudicium,

237 1630 276 1662 In
303 1629 451 1662 adversis
481 1629 524 1661 da
549 1627 742 1668 patientiam

234 1678 278 1711 Et
297 1687 470 1718 pravorum
490 1676 606 1718 frange
624 1675 804 1709 consilium,

166 1774 221 1807 33.
237 1773 319 1813 Ave,
348 1772 506 1813 splendor
530 1774 662 1803 aeterno
688 1769 804 1802 iubare

236 1821 427 1854 Animorum
450 1820 603 1853 tenebras
623 1819 802 1858 dimovens

237 1870 344 1903 Menti
368 1878 470 1913 meae,
498 1877 629 1911 quaeso,
660 1867 799 1899 illabere

239 1919 376 1953 Noctem
388 1919 504 1951 mortis
518 1918 558 1950 ab
576 1926 613 1949 ea
621 1925 804 1949 removens

167 2011 222 2044 34.
238 2009 321 2045 Ave,
347 2007 423 2040 Iesu
451 2005 671 2050 dsiderabilis,

239 2057 443 2090 Protestatus
468 2055 589 2096 iniquis
615 2054 763 2097 testibus,

238 2105 434 2138 Munimenti
459 2103 723 2146 inexpugnabilis

237 2154 369 2187 Scutum
396 2156 530 2194 praesta

310 2202 471 2235 obsistens
500 2200 659 2234 hostibus.

216 2293 320 2333 ‚Ave,
347 2291 434 2334 lesu,
462 2289 535 2323 fons
561 2289 753 2329 sapientiae,

239 2340 347 2374 Corda
371 2341 481 2382 rigans

310 2393 494 2422 sanctorum
521 2387 689 2428 montium,

237 2441 266 2473 Α
293 2448 345 2471 me
370 2442 475 2472 motus
499 2435 593 2470 aufer
615 2435 800 2479 superbiae,

238 2490 349 2523 Omnis
374 2489 453 2522 mali
478 2496 561 2529 quae
586 2491 636 2519 est
659 2485 800 2519 init-ium.

166 2295 184 2328 Ο)

192 2296 209 2327 cx

876 236 931 269 36.
947 235 1029 276 Ave,
1056 234 1142 275 lesu,
1170 233 1291 265 zelotes
1318 232 1444 272 intime,

947 285 1014 317 Per
1034 292 1128 324 quem
1155 282 1278 315 sanctis

1018 341 1138 373 perpes
1164 330 1331 363 hereditas

948 380 1170 422 Condonatur,

1019 438 1107 462 nunc
1132 428 1266 462 fraudes
1294 426 1481 468 comprime,

944 479 1030 519 Quas
1056 487 1232 519 pravorum

1018 530 1115 568 parat
1139 526 1337 567 malignitas.

873 622 930 655 37.
943 620 1027 661 Ave,
1055 620 1139 663 Iesu,
1168 628 1244 660 spes
1270 617 1507 659 paonitentiam

946 669 1123 702 Cicatrices
1145 668 1280 700 medens
1307 671 1340 700 et
1362 667 1509 704 vulnera,

947 718 1108 750 Vitiorum
1133 716 1359 751 insidiantium

942 767 998 800 Ad
1025 766 1212 807 pellendum

1016 818 1122 848 motus
1147 816 1213 848 iam
1239 823 1393 855 propera.

871 912 927 944 38.
941 910 1024 950 Ave,
1052 909 1115 948 via,
1144 909 1211 940 vita
1238 910 1272 940 et
1295 907 1429 947 veritas,

945 958 1068 991 Summi
1093 957 1264 998 patrisque
1289 957 1464 997 sapientia,

942 1007 1048 1040 Huius
1058 1005 1172 1038 mundi
1182 1014 1235 1037 me
1242 1006 1361 1046 premit
1373 1005 1514 1044 vanitas,

942 1056 1014 1088 Tua
1040 1055 1120 1087 mihi
1146 1054 1229 1087 assis
1256 1054 1441 1088 clementia.

870 1151 926 1184 39.
942 1150 1026 1189 Ave,
1053 1148 1139 1188 Iesu,
1168 1147 1223 1189 qui
1241 1145 1315 1179 fons
1333 1157 1367 1179 es
1385 1148 1512 1191 veniae,

944 1199 1011 1231 Piis
1022 1205 1152 1238 semper
1160 1196 1337 1229 intendens
1345 1196 1513 1240 precibus,

942 1247 1012 1279 Nos
1040 1247 1081 1279 de
1105 1246 1181 1278 lacu
1211 1245 1295 1278 educ
1319 1246 1472 1278 miseriae

944 1297 976 1329 A
1001 1295 1196 1337 peccatique
1220 1304 1328 1336 purga
1352 1293 1511 1331 faecibus.

872 1391 929 1424 40.
945 1390 1029 1431 Ave,
1057 1389 1141 1431 lesu,
1169 1388 1308 1430 largitor
1335 1389 1467 1432 optime,

946 1438 1007 1478 Qui
1030 1447 1064 1470 es
1081 1439 1213 1478 praesto
1232 1437 1513 1478 misericordibus,

943 1487 1065 1520 Hostes
1079 1489 1208 1519 nostros
1216 1486 1358 1528 benigne
1369 1487 1519 1529 deprime

943 1536 990 1569 Et
1008 1534 1057 1568 fer
1076 1544 1170 1576 opem
1189 1536 1311 1568 nostris
1332 1536 1514 1570 doloribuS.

872 1629 1025 1669 41.Ave‚
1052 1629 1138 1669 Iesu,
1166 1629 1221 1669 qui
1247 1629 1281 1661 in
1309 1630 1455 1662 calvaria

946 1676 1130 1712 Crucifixus
1157 1686 1191 1710 es
1214 1686 1276 1718 pro
1304 1679 1513 1718 christicolis,

944 1728 974 1760 A
998 1735 1050 1759 me
1074 1727 1188 1759 mundi
1212 1726 1302 1767 pelle
1326 1728 1503 1768 contraria,

941 1776 1029 1816 Quae
1038 1785 1090 1808 me
1099 1776 1235 1808 turbant
1243 1775 1357 1809 diebus
1366 1777 1515 1818 singulis.

871 1871 928 1904 42.
945 1869 1027 1909 Ave,
1055 1870 1141 1908 Iesu,
1167 1869 1225 1901 lux
1252 1872 1351 1910 atque
1375 1871 1510 1914 veritas,

943 1919 1005 1959 Qui
1022 1927 1056 1950 es
1070 1918 1188 1950 missus
1202 1927 1222 1950 a
1235 1921 1332 1959 patre
1342 1920 1512 1963 luminum,

941 1967 1007 2000 Per
1032 1970 1066 1999 te
1091 1967 1185 2000 nobis
1213 1967 1353 2001 donetur
1379 1970 1510 2002 novitas

941 2016 1039 2048 Vitae
1064 2019 1161 2057 atque
1187 2017 1308 2049 amoris
1336 2019 1511 2059 glutinum.

869 2106 927 2139 43.
942 2105 1024 2147 Ave,
1052 2104 1137 2146 Iesu,
1165 2113 1223 2136 rex
1250 2106 1492 2151 potentissime,

943 2153 1041 2186 Cuius
1059 2162 1272 2193 personamus
1286 2156 1513 2199 praeconium,

939 2201 992 2234 Ab
1007 2202 1171 2234 aerumnis
1183 2202 1298 2235 mundi
1311 2214 1371 2237 nos
1386 2205 1516 2238 redime

939 2250 986 2283 Et
1009 2260 1030 2283 a
1046 2251 1166 2292 linguis
1185 2260 1244 2284 nos
1264 2251 1513 2290 diffamantium.

867 2340 925 2372 44.
940 2338 1022 2379 Ave,
1049 2339 1185 2372 verbum
1210 2341 1316 2381 patris
1341 2343 1491 2385 ingeniti,

939 2387 1111 2421 Eructavit
1138 2390 1224 2430 quod
1251 2400 1272 2423 a
1296 2393 1473 2436 principio,

940 2437 1005 2470 Per
1030 2440 1062 2469 tc
1085 2438 1174 2471 vitae
1198 2440 1372 2480 iungamur
1397 2443 1496 2476 limiti

938 2486 1223 2529 Accingamurque
1247 2488 1340 2523 verbi
1368 2491 1489 2531 gladio.
