1650 2671
694 570 790 603 XVII.
824 569 1029 602 Psalterium.

734 668 979 705 Praefatio,

198 765 230 799 1.
258 764 283 797 O
310 763 427 806 Maria,
457 762 548 803 virgo
573 761 640 802 pia,

305 813 353 845 Te
380 811 497 844 devote
522 810 663 854 postulo,

259 861 308 894 Ne
333 860 481 901 moreris,
509 860 567 892 sed
595 858 739 899 digneris

330 910 427 943 Nunc
452 909 568 941 adesse
594 906 727 941 famulo.

199 992 232 1024 2.
260 989 317 1022 Me
344 989 480 1028 dignare
501 990 535 1019 te
559 987 696 1019 laudare

306 1037 509 1071 Psalmorum
536 1035 743 1074 carminibus,

257 1086 304 1120 Ut
329 1085 502 1126 compungi
529 1088 562 1117 et
590 1084 739 1125 coniungi

332 1134 423 1169 Caeli
449 1134 571 1175 possim
599 1133 734 1166 civibus.

901 761 933 794 3.
958 759 1070 792 Meam
1095 761 1237 792 mentem
1264 760 1329 792 iam
1354 757 1533 792 foetentem

1011 808 1059 841 Et
1083 817 1276 850 oppressam
1302 807 1415 842 viliter

961 858 1071 899 Purga
1096 867 1196 898 prece
1220 858 1308 892 omni
1335 855 1436 900 faece,

1014 906 1156 939 Subleva
1182 907 1344 940 hilariter.

901 986 933 1018 4.
959 985 1168 1018 1ntellectum
1193 988 1227 1017 et
1251 984 1402 1018 affectum

1010 1034 1132 1066 Lustra
1155 1037 1212 1066 tuo
1237 1034 1362 1075 iubare,

960 1083 1007 1117 Ut
1032 1086 1066 1115 te
1091 1091 1195 1115 amem
1222 1086 1255 1115 et
1280 1083 1435 1116 honorem

1013 1131 1111 1164 Dulci
1137 1132 1247 1165 cordis
1273 1134 1416 1165 nectare.

549 1214 581 1247 5.
606 1212 759 1246 Praestet
782 1215 877 1252 pater
901 1212 999 1251 atque
1023 1212 1120 1243 natus

659 1262 738 1295 Cum
765 1263 898 1294 aeterno
924 1262 1109 1301 pneumate,

608 1310 653 1344 Ut
678 1312 712 1342 te
737 1318 867 1350 semper
892 1316 931 1340 ac
954 1307 1096 1340 libenter

659 1360 744 1392 Puro
769 1358 901 1391 laudem
926 1359 1088 1390 neumate.

677 1446 981 1488 Quinquagena
1005 1445 1033 1478 Ι.

185 1516 216 1549 1.
232 1516 314 1556 Ave,
342 1515 444 1555 virgo,
464 1514 585 1557 lignum
604 1512 821 1556 fructiferum,

231 1564 387 1597 Fructum
416 1564 550 1605 gignens

304 1616 488 1646 nostrorum
516 1612 685 1644 vulnerum

232 1662 448 1702 Medicamen‚
465 1664 500 1693 tu
513 1670 626 1702 pacem
642 1664 822 1702 temporum

234 1711 372 1744 Praesta
396 1712 494 1751 atque

305 1761 446 1793 solamen
475 1768 677 1800 prosperum.

186 1831 218 1862 2.
238 1830 319 1873 Ave,
348 1828 430 1861 caeli
455 1828 626 1869 praeclara
651 1828 771 1872 rosula,

235 1878 285 1911 Tu
312 1877 421 1911 suavis
447 1885 486 1909 ac
510 1877 581 1909 sine
606 1877 744 1920 macula,

234 1927 322 1967 Quae
347 1935 406 1960 nos
432 1929 595 1969 premunt,

309 1976 451 2009 dissolve
476 1975 617 2014 vincula,

239 2025 363 2058 Cuncta
388 2033 515 2066 quoque
540 2025 627 2066 pelle
652 2024 809 2066 pericula.

186 2096 218 2130 3.
234 2095 316 2137 Ave,
343 2093 429 2134 regis
455 2096 609 2126 aeternae
634 2093 759 2134 gloriae

233 2144 354 2184 Mater,
378 2142 472 2175 nobis
499 2151 655 2175 succurre
679 2142 789 2186 hodie,

234 2193 479 2226 Adversantum
505 2200 646 2232 namque
670 2191 812 2224 insidiae

214 2242 359 2282 ‘Contra
387 2250 446 2273 nos
472 2240 646 2282 insurgunt
671 2240 802 2273 cotidie.

186 2312 219 2347 4.
235 2312 318 2354 Ave,
341 2312 446 2343 mater
471 2310 558 2350 regis
583 2309 740 2351 iustitiae,

234 2361 345 2394 Mater
370 2358 463 2401 pacis
490 2361 524 2391 et
547 2362 653 2391 mater
678 2359 814 2401 gratiae,

238 2409 366 2443 Nubem
392 2407 498 2449 pellas
519 2410 653 2441 nostrae
675 2407 830 2440 tristitiae

235 2462 345 2501 Atque
372 2458 492 2491 donum
516 2459 650 2498 praesta
671 2457 827 2491 laetitiae.

889 1514 1018 1554 5.Ave,
1048 1514 1141 1555 virgo
1169 1515 1268 1556 digna
1292 1514 1482 1554 honoribuS,

937 1563 1023 1595 Tuas
1048 1563 1121 1605 pias
1147 1564 1268 1596 nostris
1295 1563 1494 1596 clamoribus

936 1612 1050 1644 Pande
1076 1621 1171 1644 aures
1197 1621 1259 1645 nec
1275 1622 1339 1646 non
1360 1613 1529 1646 doloribus

937 1661 988 1692 Ac
1012 1670 1165 1693 succurre
1185 1662 1294 1694 cordis
1312 1662 1528 1697 maeroribus.

888 1749 920 1781 6.
934 1748 1018 1790 Ave,
1047 1752 1153 1781 mater
1177 1751 1298 1783 nostris
1325 1750 1499 1791 gemitibus

935 1796 1117 1830 Subvenias
1142 1801 1240 1840 atque
1266 1799 1460 1841 ploratibus,

938 1845 1175 1880 Condescende
1201 1848 1265 1889 piis
1293 1849 1464 1883 conatibus

934 1894 981 1927 Et
1007 1896 1166 1938 coniunge
1194 1897 1302 1931 choris
1322 1898 1531 1935 caelestibus,

890 1980 921 2012 7.
936 1979 1020 2019 Ave,
1047 1983 1154 2013 mater
1180 1991 1304 2015 summe
1329 1982 1481 2015 amabilis

936 2027 980 2060 Et
1006 2028 1156 2062 columna
1182 2029 1260 2063 fidei
1286 2031 1426 2072 stabilis,

935 2077 1014 2110 Vita
1039 2079 1160 2118 premit
1185 2089 1244 2113 nos
1270 2081 1481 2124 miserabilis,

934 2125 1013 2169 Fac,
1040 2127 1084 2159 sit
1107 2128 1208 2162 iudex

1013 2176 1107 2209 nobis
1132 2178 1320 2219 placabilis.

889 2261 921 2293 8.
937 2260 1022 2301 Ave,
1048 2261 1189 2301 pulchra
1216 2265 1250 2295 et
1273 2263 1494 2305 admirabilis,

936 2308 1109 2343 Universis
1135 2311 1415 2354 incomparabilis,

937 2357 1007 2391 Nos
1032 2361 1136 2401 tuere,
1163 2365 1269 2395 mater
1295 2362 1458 2405 amabilis,

937 2407 1023 2440 Nam
1048 2408 1130 2442 haec
1157 2411 1225 2444 vita

1014 2461 1065 2491 est
1087 2460 1183 2493 nimis
1208 2462 1329 2496 labilis.
