1650 2671
730 105 998 142 -121-

189 202 258 237 117
264 230 272 237 .
288 204 370 245 Ave,
385 204 471 245 lapis
481 206 668 238 structurae
679 205 832 245 caelicae,

286 252 347 292 Qui
376 262 409 286 es
429 251 536 286 factus
551 253 586 286 in
605 258 705 295 caput
723 253 833 295 anguli

284 301 324 334 In
351 310 494 344 superno
520 311 573 335 me
597 303 672 335 loca
697 303 801 346 apice,

286 350 460 384 Michaelis
483 361 545 392 per
561 361 693 384 manum
712 352 832 392 angelif

185 438 267 473 iis.
283 439 368 481 Ave,
395 439 460 481 via,
486 449 552 481 qua
576 440 821 473 ambulantibus

287 488 496 530 Sempiterna
522 490 591 521 vita
616 489 831 532 promittitur,

282 537 362 570 Tuis
370 538 492 571 sanctis
499 547 558 571 nos
564 547 640 570 mun
645 538 830 582 dalegibus,

283 587 407 627 Quibus
423 587 465 620 ad
481 591 515 619 te
530 587 656 621 directe
669 587 830 629 graditur.

186 675 265 712 119.
282 676 367 717 Ave,
388 677 441 709 via
458 685 519 717 per
533 685 628 718 quam
641 675 832 708 ascenditur

282 726 337 758 Ad
346 734 490 767 superna
497 726 652 759 virtutum
661 724 829 766 gradibus,

284 775 393 807 Vitam
418 777 574 815 nostram,

354 831 437 865 quae
462 823 517 855 hic
542 820 720 863 adfligitur,

279 872 330 904 Tu
358 871 500 905 defende
525 882 545 905 a
571 870 827 905 detrahentibus,

185 963 265 997 120.
279 963 362 1006 Ave,
391 962 476 1002 Iesu,
506 961 597 994 cuius
619 959 815 1001 benignitas,

285 1010 324 1043 ln
330 1010 482 1052 supernis
491 1012 622 1043 sanctos
630 1012 828 1050 remunerat,

281 1063 367 1100 Quos
375 1059 504 1093 hostilis
511 1058 828 1098 turbatimmanitas,

281 1108 502 1142 Defensamen

357 1160 446 1190 tuum
466 1158 525 1190 hos
543 1159 706 1199 protegat.

190 1248 270 1282 121.
287 1249 369 1291 Ave,
383 1247 482 1288 quies
491 1249 587 1279 natus
598 1246 630 1278 in
639 1245 832 1279 Bethlehem

287 1296 339 1329 Ex
369 1296 482 1329 Maria
505 1296 631 1329 intacta
652 1294 788 1339 virgine,

284 1345 355 1378 Fac
377 1345 528 1378 caelestis
547 1344 634 1378 cives
652 1344 831 1378 Ierusalem

285 1393 474 1428 Gloriantes
501 1395 535 1427 in
562 1396 617 1427 tuo
643 1393 783 1427 nomine.

187 1479 267 1514 122.
283 1479 367 1520 Ave,
383 1480 469 1521 lesu,
500 1479 555 1520 qui
573 1477 672 1510 caelis
690 1477 830 1519 habitas,

281 1528 336 1562 Ad
364 1537 459 1569 quem
486 1531 615 1560 nostros

356 1577 503 1610 levamus
530 1576 652 1617 oculos,

283 1627 355 1659 Tua
382 1625 578 1660 fortitudine
605 1625 801 1667 comprimas

283 1676 412 1710 Inimici
437 1675 598 1720 impulsos
624 1675 768 1709 sedulos.

186 1760 367 1802 12:3.Ave,
395 1761 481 1800 Iesu,
510 1760 565 1801 qui
591 1761 646 1792 tuo
672 1760 822 1800 dogmate

284 1810 472 1844 Pravitates
491 1807 616 1849 frangis
636 1809 832 1851 haereticas,

282 1859 497 1893 Peccatorum
505 1867 546 1890 ne
553 1866 684 1899 mergar
691 1858 831 1902 gurgite,

282 1908 443 1950 Fraudes,
472 1916 603 1950 quaeso,

330 1957 421 2000 pelle
446 1956 622 1989 zabolicaS.

186 2042 267 2076 124.
283 2042 365 2082 Ave,
391 2042 425 2074 in
449 2049 543 2082 quem
562 2043 678 2074 sancta
696 2040 834 2074 ecclesia

284 2091 385 2126 Suam
407 2099 537 2132 semper
555 2090 649 2132 ponit
666 2089 832 2131 fiduciam,

283 2141 407 2175 Mentis
433 2143 566 2174 nostrae
589 2142 623 2172 tu
641 2148 719 2182 rege
738 2140 833 2173 devia

282 2190 376 2225 Dans
389 2191 425 2223 in
440 2189 525 2223 bono
538 2189 830 2231 perseverantiam.

189 2277 268 2311 125.
285 2277 369 2319 Ανθ,
383 2276 469 2317 Iesu,
484 2284 546 2317 per
557 2283 653 2317 quem
664 2274 833 2308 calamitas

281 2326 404 2360 Nostra
431 2328 479 2358 est
507 2334 583 2359 con—

354 2384 454 2409 versa
476 2375 512 2408 in
538 2375 704 2419 gaudium,

286 2425 367 2460 Cum
393 2423 514 2458 inferni
543 2425 618 2458 dira
645 2423 821 2467 captivitas

283 2474 348 2509 Est
360 2484 421 2516 per
435 2477 525 2509 tuum
539 2473 647 2507 fracta
656 2473 831 2510 obsidium,

897 206 1075 251 126.Avc,
1103 205 1283 238 architecte
1309 203 1496 236 caelestium

991 254 1291 288 Tabernaculorum
1317 250 1465 290 mirifice,

990 303 1098 345 Meae,
1106 312 1235 346 quaeso,
1245 302 1364 334 mentis
1369 300 1535 333 triclinum

991 352 1048 385 Tis
1074 361 1184 386 amore
1208 351 1348 392 benigne
1373 349 1505 391 perfice.

895 447 977 481 127.
993 447 1075 487 Ave,
1101 445 1189 487 Iesu,
1217 444 1272 486 qui
1295 447 1331 477 te
1347 443 1538 477 timentibus

995 494 1084 528 Caeli
1112 497 1260 534 praestas
1287 493 1537 532 beatitudinem,

993 544 1061 576 Nos
1087 543 1211 576 solutos
1237 552 1257 576 a
1283 541 1484 575 facinoribus

990 593 1062 626 Fac
1075 595 1208 634 gustare
1219 595 1307 624 tuam
1319 591 1538 625 dulcedinem.

896 687 976 721 128.
990 687 1071 730 Ave,
1101 686 1187 726 IeSU,
1216 685 1271 727 qui
1297 685 1338 717 ab
1366 683 1507 717 infantia

990 735 1037 767 Es
1056 743 1230 776 perpessus
1250 734 1371 766 multas
1389 733 1536 768 insidias,

990 783 1051 824 Da,
1077 792 1119 817 ne
1144 784 1333 823 passionum
1354 781 1540 823 frequentia

991 832 1114 866 Mentis
1129 831 1223 864 nobis
1234 831 1345 874 gignat
1358 831 1536 864 molestias.

895 927 975 961 129,
991 927 1073 966 Ave,
1102 925 1191 959 salus
1217 926 1252 959 in
1274 928 1307 957 te
1325 925 1539 967 sperantium,

990 975 1077 1016 Quos
1106 973 1257 1008 defendis
1283 974 1340 1015 pia
1367 975 1526 1019 custodia,

990 1024 1041 1056 De
1051 1022 1226 1065 profundis
1234 1024 1277 1058 ad
1286 1026 1320 1056 te
1330 1024 1538 1057 clamantium

988 1073 1187 1114 Rugibunda
1213 1073 1292 1106 audi
1317 1073 1470 1114 suspiria.

896 1168 976 1202 130.
991 1167 1074 1210 Ave,
1103 1167 1189 1205 Iesu,
1219 1166 1310 1200 cuius
1336 1166 1503 1199 humilitas

993 1216 1116 1249 Nostra
1142 1214 1232 1249 facta
1259 1218 1308 1248 est
1335 1216 1504 1260 exaltatio,

994 1265 1067 1298 Tua
1082 1265 1178 1299 nobis
1191 1268 1341 1307 praestet
1352 1265 1540 1307 benignitas

994 1314 1046 1347 Ne
1072 1314 1231 1356 subrepat
1258 1315 1368 1348 cordis
1394 1314 1503 1350 elatio.

895 1410 975 1443 131.
990 1409 1073 1449 Ave,
1103 1409 1205 1452 cuius,
1234 1411 1285 1441 est
1307 1409 1494 1442 incarnatio

990 1458 1206 1499 Repromissa
1216 1467 1256 1491 ex
1263 1457 1373 1491 David
1383 1459 1539 1501 germine,

990 1507 1056 1540 Sed
1084 1507 1248 1547 completa

1066 1560 1116 1589 est
1140 1556 1223 1589 haec
1248 1556 1434 1600 promissio,

993 1606 1074 1640 Cum
1089 1615 1123 1639 es
1138 1608 1234 1639 natus
1250 1614 1289 1638 ex
1302 1616 1387 1648 pura
1403 1606 1539 1648 virgine.

897 1703 975 1735 132.
991 1700 1073 1740 Ave,
1102 1701 1189 1741 Iesu,
1219 1700 1310 1733 cuius
1338 1700 1453 1741 religio

993 1749 1166 1784 Coadunat
1189 1760 1249 1783 nos
1275 1750 1309 1782 in
1337 1749 1485 1792 ecclesia,

991 1799 1064 1832 Tua
1089 1808 1218 1841 quoque
1245 1799 1350 1834 dulcis
1376 1799 1509 1832 dilectio

993 1848 1062 1881 Nos
1090 1849 1265 1891 coniungat
1286 1848 1320 1881 in
1347 1848 1500 1882 amicitia.

895 1938 975 1973 133.
990 1938 1072 1981 Ave,
1099 1939 1185 1981 Iesu,

1068 1996 1161 2029 quem
1188 1986 1462 2030 flagrantissimae

995 2036 1151 2069 Caritatis
1177 2038 1349 2070 laudamus
1375 2038 1495 2077 studio,

992 2085 1086 2120 Servi
1112 2089 1145 2119 te
1170 2096 1257 2119 nunc

1067 2139 1186 2177 petunt
1209 2136 1401 2178 humillime,

993 2184 1041 2219 Ut
1061 2186 1112 2218 his
1139 2186 1222 2219 assic
1249 2190 1303 2219 tuo
1330 2187 1509 2227 praesidio.

896 2275 1076 2320 134.Ave,
1104 2276 1190 2319 lesu,
1221 2276 1272 2309 cui
1299 2277 1408 2310 cordis
1432 2276 1534 2309 iubilo

993 2325 1143 2359 Alleluia
1169 2330 1338 2360 cantamus
1363 2325 1494 2369 iugiter,

993 2375 1217 2416 supernorum
1231 2384 1291 2409 nos
1301 2376 1402 2418 iunge
1408 2376 1542 2419 populo,

994 2425 1073 2459 Cum
1102 2425 1174 2466 quis
1201 2428 1234 2457 te

1067 2474 1238 2507 laudemus
1263 2477 1464 2515 perenniter.
