1650 2671
701 664 752 697 lV.
773 664 972 697 Psalterium
992 663 1142 697 Primum.

784 767 1062 801 Prooemium.

545 894 552 901 .
581 864 738 909 Mysticos
763 866 852 899 intro
878 866 1117 907 scripturarum
1148 875 1290 909 campos,

580 916 727 957 Carpere
751 914 849 948 flores
876 918 971 956 aptos
997 915 1221 960 symphoniae,

579 966 655 998 Iesu
681 965 830 1008 benigne,
858 974 919 1005 per
945 973 1042 1005 quam
1068 966 1236 998 veneraris

679 1015 710 1047 A
736 1023 788 1046 me
814 1014 1005 1055 gaudenter.

546 1139 553 1145 .
582 1109 708 1147 Eterna
734 1111 851 1153 patris,
879 1120 898 1143 o
925 1110 1065 1151 Christe,
1093 1110 1219 1153 sophia,

581 1161 647 1193 Per
673 1169 767 1202 quem
796 1160 921 1192 creavit
946 1159 1114 1200 sapienter
1141 1164 1267 1201 cuncta,

581 1209 701 1242 Iubare
726 1212 782 1242 tuo
808 1209 995 1241 intellectus
1021 1209 1085 1240 mei

680 1258 795 1299 Dirige
820 1266 977 1299 gressum.

549 1384 556 1392 .
584 1354 671 1393 Sunt
696 1367 771 1390 nam
797 1355 973 1398 profunda,
1001 1358 1085 1389 mira
1111 1366 1238 1399 quoque
1263 1358 1366 1392 verba

580 1407 794 1448 Eloquiorum
822 1415 917 1438 saera
943 1406 1137 1446 divinorum,

581 1456 681 1497 Quae,
708 1455 798 1489 Deus
824 1455 920 1497 alme,
945 1455 1133 1488 revelentur
1157 1457 1238 1489 mihi

680 1504 797 1538 Gratia
821 1507 888 1538 tua.

548 1631 555 1639 .
583 1601 780 1639 Sanctorum
806 1603 907 1644 Deus,
935 1603 1040 1636 virtus
1066 1606 1164 1644 atque
1189 1605 1268 1646 vita,

584 1654 660 1687 Tibi
687 1653 824 1687 solenne
848 1652 1009 1685 resonabo
1039 1661 1178 1697 carmen,

580 1703 712 1736 Famuli
735 1702 783 1735 tui
808 1701 935 1734 veniam
963 1701 1131 1743 precantis

680 1751 819 1794 Suscipe
843 1753 930 1784 vota.

545 1880 552 1887 .
580 1849 744 1893 Impetret
768 1850 850 1883 mihi
875 1850 968 1891 virgo
994 1849 1137 1891 gloriosa

580 1901 713 1934 Amoris
739 1900 788 1932 tui
811 1898 986 1938 flammam,
1016 1908 1098 1940 quae
1124 1899 1281 1933 obscuras

580 1951 746 1984 Scelerum
774 1949 879 1990 pellat
904 1948 1058 1981 tenebras
1083 1958 1103 1981 a
1128 1952 1239 1982 mente

679 2000 730 2033 Te
756 1997 985 2032 collaudantis,

545 2130 551 2137 .
579 2098 678 2135 Alme
704 2099 895 2140 redemptor
920 2098 1049 2139 generis
1075 2097 1219 2139 humani,

582 2150 675 2183 Votis
701 2150 895 2190 precantum
920 2148 983 2180 hae
1009 2150 1042 2180 te
1067 2148 1210 2182 melodia

579 2200 703 2234 Aurem
729 2198 853 2231 inclina
878 2197 1038 2236 tribuens,
1067 2197 1154 2239 quod
1182 2200 1308 2243 optant,

679 2248 788 2282 Corde
812 2247 967 2289 benigno.

544 2376 552 2384 .
580 2347 733 2385 Summus
759 2348 823 2380 hoe
848 2350 955 2388 pater,
981 2349 1089 2379 tecum
1115 2346 1178 2380 hoo
1204 2349 1352 2380 sacratus

580 2400 731 2433 Praestet
757 2397 936 2440 amborum,
964 2396 1021 2438 pie
1048 2395 1188 2441 Christe,
1215 2395 1324 2440 flatus,

582 2450 662 2484 Cum
689 2447 806 2489 quibus
832 2455 951 2488 regnas
978 2445 1068 2479 Deus
1093 2455 1177 2479 unus
1204 2446 1291 2479 omni

681 2497 806 2539 lugiter
832 2505 923 2530 aevo,
