1650 2671
706 113 972 149 —223—

177 212 258 247 103.
282 213 364 256 Ave,
393 212 575 252 sapientiae

336 261 446 294 Mater
471 262 672 304 veneranda,

283 309 443 345 Infernali
470 310 595 344 bestiae

336 360 428 393 Iuste
452 358 674 404 formidanda,

287 408 372 442 Mihi
398 410 611 443 venerantiae

337 459 436 493 Cultu
460 458 656 492 honoranda

284 506 331 540 Et
357 508 483 541 cunctis
510 507 668 540 ecclesiae

335 555 432 589 Filiis
458 557 610 591 amanda.

178 635 261 669 104.
288 636 371 676 Ave,
399 643 540 676 regnans
568 634 700 669 domina

338 684 377 716 In
405 685 523 717 creatis
550 685 685 728 cunctis,

290 734 450 767 Praetans
477 734 698 767 consolamina

339 781 523 815 Chrismate
548 782 703 824 inunctis,

286 829 394 863 Aufer
421 831 620 863 cruciamina

333 879 421 911 Meis
446 888 466 911 a
494 877 667 918 defunctis,

289 927 374 960 Mihi
399 935 460 968 per
485 927 641 967 ligamina

337 975 484 1009 Naturae
511 976 701 1009 coniunctis.

179 1057 263 1090 105.
287 1056 371 1097 Ave,
397 1055 496 1088 stella
520 1055 650 1088 radium

341 1104 478 1137 Sumens
504 1103 545 1137 ab
572 1106 705 1136 aeterno

291 1153 368 1187 ‘Sole
392 1161 433 1186 ac
458 1153 659 1186 consortium

336 1202 375 1235 In
401 1210 502 1243 regno
528 1211 681 1247 supern0‚

290 1252 409 1284 Petens
435 1251 655 1292 patrocinium

336 1300 450 1333 Mente
475 1308 527 1333 me
552 1302 737 1340 prosterno,

289 1349 337 1384 Ut
361 1358 414 1382 me
436 1349 472 1382 in
497 1352 691 1391 perpetuum

336 1398 533 1432 Praeserves
559 1398 601 1431 ab
625 1397 765 1432 inferno,

181 1480 261 1513 106.
288 1479 371 1521 Ave,
401 1477 600 1510 deviantium

337 1526 486 1560 Prudens
513 1526 710 1568 reparatrix,

286 1577 371 1610 Nam
394 1576 456 1609 Dei
483 1579 517 1608 et
540 1575 706 1608 hominum

335 1625 384 1658 Tu
411 1635 445 1658 es
471 1624 658 1668 mediatrix,

289 1675 451 1709 Cordibus
477 1674 690 1708 maerentium

335 1723 387 1757 Sis
413 1724 604 1757 auxiliatrix

285 1774 337 1806 Ac
362 1783 483 1815 poenas
509 1773 666 1806 luentium

336 1822 604 1856 Reconciliatrix.

181 1902 263 1937 107.
289 1902 373 1944 Ave,
401 1910 485 1943 quae
508 1900 692 1942 primordia

339 1950 561 1991 Genealogiae

291 2000 399 2034 Nacta
424 1999 530 2040 stirpe
556 2000 657 2041 regia,

337 2049 365 2083 O
390 2051 498 2083 mater
522 2047 677 2090 Messiae‚

289 2099 389 2134 Unde
415 2106 540 2132 summa
567 2096 678 2130 studia

337 2148 396 2193 Te,
423 2150 529 2181 mater
555 2146 702 2189 sophiae,

287 2197 444 2232 Laudant
472 2205 545 2230 cum
574 2196 750 2229 concordia

338 2246 456 2280 Dulcis
481 2245 709 2288 symphoniae.

180 2327 260 2362 108.
289 2328 374 2369 Ave,
402 2337 421 2361 o
447 2323 613 2359 tutissime

342 2377 543 2410 Miserorum
570 2376 697 2419 portus,

291 2426 341 2459 Tu
368 2434 496 2468 quoque
523 2424 695 2459 verissime

342 2475 389 2507 Es
418 2476 588 2508 conclusus
616 2475 741 2511 hortus,

885 442 965 475 109.

882 859 964 894 110.

885 1281 965 1315 111.

881 1705 963 1739 112.

887 2128 967 2163 113.

994 214 1063 255 Quo
1090 214 1332 248 mirabilissime

1040 264 1166 297 Mundo
1191 262 1252 297 flos
1279 268 1329 296 est
1353 266 1454 305 ortus,

993 313 1023 346 A
1050 313 1182 346 Iudaeis
1208 313 1349 354 pessime

1041 362 1103 403 Qui
1130 365 1180 395 est
1206 371 1301 394 cruce
1325 364 1442 394 tortus.

993 441 1076 484 Ave,
1102 441 1195 482 virga
1220 442 1343 478 Aaron,

1040 489 1141 523 Flore
1163 498 1245 532 quae
1270 490 1407 533 ornaris,

994 538 1054 572 Cui
1081 539 1270 571 homousion

1043 588 1179 627 Nomen,
1206 587 1294 620 unde
1320 584 1400 618 faris

991 635 1113 669 Debite
1139 636 1323 676 theotocon,

1040 686 1122 725 Quia
1147 684 1253 717 Deum
1278 684 1368 726 paris

992 734 1110 767 Servos
1137 736 1209 765 tuos
1238 733 1279 765 de
1304 731 1381 764 Sion

1041 781 1178 821 Semper
1202 782 1336 815 tuearis.

990 860 1072 898 Ave,
1102 859 1191 891 caelo
1217 858 1315 890 altior

1042 907 1114 940 Tua
1141 906 1311 947 dignitate,

993 957 1089 991 Omni
1113 958 1205 988 terra
1229 955 1329 987 latior

1042 1005 1145 1038 Plena
1171 1003 1319 1045 caritate,

994 1053 1125 1094 Abysso
1151 1051 1347 1094 profundior

1042 1103 1080 1136 In
1108 1101 1302 1146 humilitate,

993 1152 1127 1187 Cunctis
1152 1151 1276 1184 sanctis
1304 1151 1449 1183 sanctior

1041 1201 1112 1234 Tua
1137 1200 1322 1233 sanctitate.

993 1282 1075 1322 Ave,
1102 1279 1327 1320 indulgentiae

1042 1329 1145 1370 Virgo
1172 1327 1252 1361 felix
1279 1330 1386 1369 porta,

995 1379 1059 1412 Per
1082 1386 1179 1419 quam
1204 1378 1261 1410 lux
1286 1376 1433 1409 iustitiae

1044 1426 1149 1459 Nobis
1176 1428 1226 1459 est
1250 1427 1374 1470 exorta,

994 1475 1073 1509 Tuis
1101 1476 1186 1509 dona
1210 1475 1337 1516 gratiae

1040 1524 1188 1558 Famulis
1214 1526 1358 1568 reporta,

991 1573 1133 1607 Nostrae
1158 1572 1384 1615 neglegentiae

1040 1623 1215 1664 Corrigens
1244 1623 1394 1656 distorta.

991 1705 1072 1749 Ave,
1101 1705 1207 1736 mater
1231 1702 1348 1736 inclita

1040 1753 1156 1786 Nostri
1179 1752 1389 1794 redemtoris,

994 1802 1224 1838 collaudanda
1251 1801 1363 1835 debita

1043 1851 1158 1885 Laude
1184 1852 1309 1884 cunctis
1335 1851 1438 1891 horis,

993 1902 1156 1936 Fomitem
1183 1900 1322 1934 debilita

1042 1950 1114 1983 Mei
1138 1950 1335 1992 peccatoris,

994 1998 1046 2033 Ne
1071 1998 1185 2032 trahar
1210 1999 1254 2033 ad
1280 1999 1383 2033 vetita

1043 2048 1135 2091 Lege
1160 2049 1328 2084 creatoris,

995 2130 1077 2172 Ave,
1105 2136 1189 2162 vena
1216 2129 1319 2171 putei,

1046 2177 1099 2210 Ex
1126 2186 1188 2218 quo
1215 2179 1409 2212 hauriuntur

997 2226 1209 2260 Sacramenta
1230 2225 1319 2272 fidei,

1049 2275 1172 2316 Quibus
1194 2276 1385 2310 imbuuntur

998 2325 1198 2359 Devotorum
1227 2327 1320 2359 cunei

1055 2375 1165 2416 Atque
1191 2376 1415 2418 absolvuntur,

999 2424 1068 2457 Fac
1093 2433 1152 2458 nos
1177 2425 1248 2458 illic
1273 2425 1399 2466 invehi,

1051 2473 1163 2506 Sancti
1187 2483 1249 2515 quo
1277 2479 1452 2515 ponuntur.
