1650 2671
189 211 245 244 92.

185 615 241 651 93.

183 1014 239 1046 94.

180 1412 235 1444 95.

174 1811 229 1844 96.

271 210 355 251 Ave,
383 209 487 243 vellus
509 209 678 243 madidum

319 258 371 291 De
398 259 532 291 caelesti
556 268 642 298 rore,

272 308 461 349 concepisti
486 307 589 341 filium

321 357 401 391 (lum
428 358 518 391 salvo
545 358 682 401 pudore,

271 407 377 442 Indue
402 416 454 440 me
479 407 633 439 miserum

320 455 485 489 Virtutum
513 456 641 497 decore,

269 505 451 538 Multorum
478 505 531 546 qui
558 505 719 539 scelerum

320 553 416 587 Cario
442 557 569 595 putore.

267 614 350 656 Ave,
378 613 516 646 thronus
541 613 661 646 iudicis

318 662 436 695 Statim
462 660 621 705 adfuturi,

271 712 349 745 Cum
377 711 484 743 choris
508 711 666 752 angelicis

320 759 445 794 Cuncta
472 760 664 801 discussuri,

267 809 345 852 Fac,
374 809 407 841 in
437 809 643 842 conscientiis

318 857 454 898 Semper
480 858 579 890 simus
603 859 687 900 puri,

267 906 319 939 Ne
343 905 478 939 fleamus
505 906 644 939 vindicis

319 955 443 988 Poenas
468 955 593 989 luituri.

266 1014 349 1052 Ave,
378 1013 460 1044 caeli
489 1013 621 1045 domina

315 1061 473 1102 Vitaeque
500 1060 651 1102 dulcedo,

267 1109 336 1148 Qua
362 1107 518 1149 fugantur
545 1109 680 1141 erimina

314 1157 502 1198 Mentisque
528 1158 679 1197 torpedo,

264 1205 391 1239 Mundo
420 1206 640 1239 consolamine

315 1254 378 1287 Per
403 1258 436 1286 te
464 1255 542 1288 data
569 1256 678 1298 eredo,

268 1304 362 1337 Unde
387 1302 580 1337 iubilamina

312 1352 382 1385 Ista
406 1352 468 1385 tibi
496 1354 564 1386 edo.

263 1412 345 1452 Ave
375 1411 465 1443 cuius
491 1412 598 1452 gratia

319 1459 408 1493 Cano
435 1465 636 1499 reverenter,

262 1508 355 1541 Haec
379 1508 443 1541 Dei
471 1509 642 1542 clementia

313 1555 445 1597 Scripta
470 1558 663 1600 luculenter,

260 1605 347 1638 Meis
373 1606 416 1637 da
440 1605 594 1647 suffragia

310 1655 451 1687 Mortuis
479 1655 666 1698 clementer,

258 1702 314 1735 Ad
341 1705 374 1735 te
398 1712 459 1743 per
483 1703 628 1744 suspiria

308 1751 369 1792 Qui
395 1751 538 1784 clamant
564 1752 725 1787 dolenter.

257 1810 340 1851 Ave,
368 1819 463 1851 quam
491 1810 647 1843 attentius

308 1858 400 1893 Caeli
424 1859 616 1892 monarchia

258 1909 443 1941 Veneratur
466 1908 620 1941 laudibus

303 1956 377 1998 Iugi
404 1957 610 1999 symphonia,

817 110 840 145 2

842 112 864 146 2

867 111 890 145 2

917 417 972 452 97.

912 817 966 852 98.

911 1218 966 1250 99.

881 1617 963 1651 100.

1000 209 1045 242 Et
1071 220 1157 242 nunc
1180 211 1214 243 in
1244 212 1419 244 ductilibus

1050 258 1153 292 Tubis
1180 259 1251 303 tibi,
1278 260 1345 300 pia,

1001 307 1096 341 Meus
1121 308 1239 348 psallit
1261 308 1398 349 spiritus

1046 357 1122 391 Hac
1146 358 1180 390 in
1206 357 1396 400 hymnodia.

999 416 1083 459 Ave,
1110 417 1222 457 proles
1243 417 1344 460 regia,

1047 466 1150 506 Quam
1176 466 1432 507 praecinuerunt

995 515 1141 555 Antiqua
1166 515 1340 557 praesagia

1050 564 1178 607 Vatum,
1207 565 1262 605 qui
1288 565 1491 606 scripserunt

996 613 1069 646 Tua
1092 613 1278 654 privilegia,

1045 662 1134 702 Quae
1160 664 1397 694 coronaverunt

996 710 1045 743 Te
1071 713 1102 742 et
1128 710 1169 743 ad
1198 710 1337 751 collegia

1047 758 1137 792 Caeli
1163 760 1369 792 invexerunt.

994 818 1078 859 Ave,
1107 817 1354 851 tabernaculum

1045 867 1167 900 Summi
1195 866 1390 908 Salomonis,

995 915 1104 958 Moysi
1130 915 1352 956 spectaculum

1044 964 1139 997 Rubo
1166 964 1313 1004 visionis,

998 1013 1111 1045 Vellus
1136 1012 1374 1045 nobilissimum

1044 1060 1138 1094 Vatis
1166 1060 1342 1103 Gedeonis,

994 1109 1222 1150 Recompensa
1245 1109 1384 1141 iubilum

1044 1158 1141 1191 Hunc
1168 1158 1202 1190 in
1231 1158 1314 1190 caeli
1339 1158 1476 1191 thronis.

995 1217 1078 1258 Ave,
1106 1216 1198 1249 cuius
1223 1216 1377 1249 laudibus

1045 1267 1157 1306 Astra,
1185 1266 1301 1308 solum,
1328 1274 1419 1298 mare

995 1313 1134 1356 Semper
1159 1314 1350 1356 diligentius

1046 1363 1197 1396 Gliscunt
1221 1364 1388 1401 insudare,

992 1412 1114 1453 Meque
1140 1411 1193 1445 fac
1220 1413 1369 1446 devotius

1042 1461 1119 1495 Tibi
1143 1461 1295 1504 iubilare,

992 1509 1139 1542 Tandem
1164 1511 1197 1542 in
1226 1510 1421 1543 caelestibus

1039 1559 1160 1591 Tecum
1188 1560 1347 1593 exultare.

990 1616 1074 1657 Ave,
1102 1617 1402 1657 praeclarissimum

1037 1665 1171 1698 Domini
1199 1666 1364 1702 conclave.

988 1712 1126 1754 Semper
1146 1717 1238 1747 stans
1255 1715 1505 1748 mundissimum

1035 1764 1250 1796 Peccatorum
1277 1773 1297 1796 a
1322 1774 1391 1805 vae,

985 1810 1075 1844 Audi
1102 1812 1342 1846 nobilissimum

1034 1860 1141 1894 Melos
1168 1864 1201 1893 et
1226 1872 1337 1902 suave,

986 1909 1080 1949 Quod
1105 1910 1166 1943 tibi
1193 1911 1405 1944 centesimum

1033 1958 1201 1992 Plaudens
1229 1961 1314 2002 dico,
1341 1962 1425 1996 Ave.

628 2044 949 2086 Quinquagena
974 2045 1037 2079 III.

174 2111 252 2146 101.
278 2111 363 2154 Ave,
389 2116 496 2145 mater
520 2112 662 2145 nobilem

330 2160 473 2202 Grignens
498 2162 695 2203 pelicanum,

281 2209 343 2249 Qui
369 2218 470 2250 genus
496 2219 558 2250 per
582 2210 773 2252 sanguinem

328 2258 475 2292 salvavit
501 2258 687 2301 humanum,

279 2307 355 2340 Tibi
381 2308 618 2348 acceptabilem

325 2356 395 2389 Fac
421 2359 454 2389 et
477 2359 586 2389 mente
609 2366 723 2390 sanum

278 2405 335 2438 Me
357 2414 419 2438 nec
444 2405 678 2447 despicabilem

327 2456 426 2496 Quasi
450 2454 669 2496 publicanum.

877 2113 956 2147 102.

985 2115 1066 2157 Ave,
1095 2124 1114 2147 0
1140 2124 1306 2157 puerpera

1032 2163 1133 2205 Virgo
1162 2165 1261 2206 digna
1289 2166 1366 2209 dici,

982 2212 1113 2245 Christo
1139 2215 1303 2255 praebens
1328 2217 1433 2251 ubera

1033 2263 1179 2296 Pectoris
1205 2264 1331 2307 pudici,

981 2310 1072 2355 Peto,
1101 2315 1208 2345 mater
1232 2317 1356 2360 tenera,

1030 2360 1061 2392 A
1086 2363 1121 2393 te
1144 2361 1310 2405 benedici,

982 2407 1033 2441 Ne
1059 2409 1175 2444 laedar
1198 2421 1260 2454 per
1286 2414 1385 2448 effera

1027 2458 1110 2493 Tela
1135 2461 1269 2496 inimici.
