1650 2671
216 227 298 260 113.
326 227 407 269 Ave,
436 226 518 258 caeli
547 226 663 259 inclite

374 275 562 316 Terraeque
590 278 718 309 creator

324 325 434 365 Atque
459 324 521 357 tibi
547 325 702 358 subditae

369 373 483 406 Plebis
510 374 689 417 habitator,

322 422 486 456 Inclinato
514 424 624 464 capite

373 472 463 514 Peto,
491 473 536 505 mi
562 475 698 514 amator,

322 520 445 554 Mentis
472 531 565 554 meae
590 522 743 563 perditae

371 570 453 604 Esto
479 575 662 614 reparator.

216 651 294 684 114.
323 651 405 689 Ave,
434 660 451 683 o
478 650 666 683 Hebraicae

373 699 482 732 Decus
509 700 661 744 nationis,

323 748 454 790 Magnis
479 758 573 790 quam
603 749 754 789 dapatice

371 798 581 831 Praedotasti
607 798 710 837 bonis,

323 847 470 891 Praesta,
499 847 560 879 sim
586 850 623 879 ut
649 847 790 880 caelicae

372 896 513 936 Compos
540 896 693 937 regionis,

323 945 462 978 Carmen
490 945 553 977 hoc
579 946 633 986 qui
659 946 795 978 melicae

372 994 481 1035 Pango
509 995 678 1028 cantionis.

212 1073 291 1106 115.
319 1073 401 1112 Ave,
430 1081 448 1105 o
474 1071 621 1105 fidelium

371 1121 492 1154 Nobile
514 1122 630 1164 iocale,

322 1171 453 1203 Amoris
477 1171 634 1204 indicium

369 1219 415 1252 Et
438 1221 638 1261 memoriale,

323 1272 350 1302 A
378 1278 430 1301 me
456 1278 549 1302 omne
576 1270 689 1302 vitium

367 1316 473 1351 Aufer
500 1319 666 1351 mundiale

318 1367 380 1400 Tui
408 1368 488 1400 dans
517 1368 712 1400 consortium

364 1416 448 1449 Mihi
472 1418 649 1450 aeternale.

208 1496 288 1529 116.
315 1496 397 1536 Ave,
427 1496 516 1528 cuius
547 1496 651 1529 deitas

362 1545 512 1578 Omnium
539 1550 589 1578 est
616 1555 722 1587 causa,

314 1594 428 1635 Tuque
455 1595 603 1636 pandens
630 1597 751 1629 veritas

362 1644 403 1677 1n
429 1645 602 1685 seripturis
630 1645 751 1689 clausa,

314 1694 386 1727 Tua
410 1694 530 1735 probet
555 1694 683 1728 bonitas

364 1743 517 1777 Carmina
543 1745 625 1777 haec
651 1745 777 1787 plausa,

314 1793 444 1836 Pellens
470 1802 522 1826 res
548 1794 682 1827 illicitas

363 1843 402 1876 ln
429 1852 492 1887 me,
521 1853 653 1887 quaeso,
679 1854 794 1885 pausa.

204 1920 281 1955 117.
310 1922 393 1964 Ave,
421 1932 439 1955 0
466 1921 644 1956 fortissime

360 1972 463 2013 Lapis
490 1973 666 2015 angularis,

311 2021 459 2055 Parietes
482 2022 605 2064 optime

361 2071 454 2105 Sacri
479 2076 613 2105 nectens
640 2073 730 2113 laris,

310 2122 339 2155 A
365 2121 498 2155 Iudaeis
524 2123 666 2164 pessime

357 2171 441 2205 Olim
468 2172 668 2215 reprobaris,

308 2220 373 2254 Sed
401 2231 421 2254 a
446 2223 510 2255 tuis
536 2222 651 2255 intime

354 2272 508 2314 Iustoque
533 2273 663 2306 amaris.

201 2351 281 2385 118.
308 2352 391 2392 Ave,
419 2351 505 2394 Iesu,
534 2353 703 2394 speculum

353 2401 494 2435 Sanctae
518 2403 736 2444 paupertatis,

306 2451 398 2484 Pacis
425 2451 659 2493 habitaculum,

354 2500 427 2534 Lux
453 2501 660 2544 humilitatis,

238 2562 256 2584 Ι)
266 2568 277 2584 r
285 2567 298 2584 e
306 2568 321 2584 v
328 2568 341 2584 e
348 2568 360 2584 s
369 2579 375 2588 ,
393 2561 519 2585 Psalteria
533 2562 739 2587 Wessofontana.

924 457 1003 491 119.

920 881 1001 914 120.

916 1303 996 1338 121.

914 1729 993 1763 122.

910 2158 990 2191 123.

1030 230 1172 263 Resolve
1197 228 1361 269 piaculum

1081 280 1177 312 Meae
1198 277 1384 320 pravitatis,

1032 329 1153 370 lungar
1176 331 1213 359 ut
1237 327 1271 359 in
1296 326 1462 359 saeculum

1081 375 1292 411 Beatificatis.

1030 458 1113 498 Ave,
1142 467 1160 490 o
1186 454 1359 497 magnifica

1078 507 1190 539 Virtus
1217 505 1332 538 summi
1359 504 1422 538 Dei

1034 556 1150 597 Atque,
1178 554 1404 587 substantifica

1082 604 1186 638 Causa
1212 603 1316 636 omnis
1342 604 1400 646 rei,

1034 654 1147 687 Varios
1175 651 1350 693 simplifica

1078 702 1188 735 Motus
1216 702 1324 735 cordis
1350 702 1414 735 mei

1029 752 1176 793 Eiusque
1201 750 1355 784 mollifica

1078 801 1211 834 Petram
1235 800 1362 841 glaciei.

1028 881 1111 923 Ave,
1139 888 1234 921 quem
1260 879 1322 912 hoc
1348 883 1493 921 syrmate

1077 929 1197 962 Tracto
1225 929 1266 961 de
1292 928 1409 962 fontali

1024 978 1274 1019 'Scripturarum
1301 979 1452 1020 dogmate

1078 1029 1234 1069 Veneror,
1261 1028 1397 1060 mentali

1026 1077 1132 1110 Iubilo
1159 1076 1308 1109 boemate

1076 1126 1145 1159 Tuo
1174 1126 1319 1170 divinali,

1027 1175 1131 1209 Serva
1155 1184 1206 1208 me
1232 1185 1252 1208 a
1273 1179 1430 1219 caumate,

1074 1225 1210 1268 Quaeso,
1238 1223 1404 1260 infernali.

1024 1305 1104 1349 Ave,
1132 1313 1193 1346 per
1219 1313 1312 1345 quem
1340 1305 1457 1337 civitas

1075 1354 1137 1387 Est
1163 1352 1346 1397 aedificata,

1023 1404 1062 1436 In
1089 1413 1153 1444 qua
1179 1402 1405 1436 christianitas

1069 1452 1133 1485 Est
1157 1451 1351 1496 significata,

1024 1501 1134 1535 Corda
1159 1504 1272 1535 nostra
1298 1503 1404 1542 pietas

1071 1551 1142 1585 Tua
1167 1551 1383 1592 tranquillata

1021 1600 1164 1646 Reddat,
1193 1609 1276 1641 quae
1300 1601 1453 1642 impietas

1070 1650 1198 1683 Turbat
1221 1650 1426 1692 prolongata.

1022 1730 1103 1770 Ave,
1132 1738 1192 1771 per
1217 1739 1311 1771 quem
1339 1730 1480 1765 Satanae

1069 1781 1193 1814 Fracta
1219 1782 1268 1812 est
1294 1781 1433 1822 armilla,

1022 1828 1102 1862 Cum
1125 1833 1300 1870 conceptus
1327 1828 1458 1864 fiamine

1067 1879 1114 1912 Es
1140 1882 1236 1912 natus
1264 1880 1305 1912 de
1332 1881 1463 1925 ancilla,

1020 1928 1092 1961 Tua
1117 1932 1260 1970 praesta,
1287 1929 1439 1972 Domine,

1068 1977 1187 2015 Mortis
1212 1987 1271 2019 per
1299 1979 1429 2021 vexilla,

1020 2028 1068 2062 Ut
1092 2028 1126 2060 in
1154 2028 1236 2061 caeli
1264 2029 1405 2062 culmine

1068 2077 1215 2111 Laudem
1243 2080 1276 2110 te
1304 2087 1376 2111 cum
1402 2079 1473 2115 illa.

1017 2157 1101 2199 Ave,
1129 2157 1184 2199 qui
1209 2159 1426 2200 propaginem

1068 2207 1277 2241 Christianae
1307 2209 1413 2249 gentis

1016 2257 1135 2290 Mundi
1160 2256 1253 2290 iubes
1279 2257 1443 2291 turbinem

1065 2307 1195 2348 Fugere
1221 2307 1387 2352 torrentis,

1017 2356 1151 2389 Adhibe
1177 2356 1360 2389 viredinem

1065 2405 1245 2439 Doctrinae
1270 2404 1412 2449 fluentis,

1017 2455 1125 2488 Pellat
1149 2465 1231 2498 quae
1259 2456 1431 2498 caliginem

1065 2505 1208 2538 Nostrae
1235 2514 1353 2538 caecae
1379 2506 1507 2539 mentis,

1351 2562 1368 2592 6
