1650 2671
176 226 235 260 20.
263 226 289 260 O
317 225 481 268 sapientia

182 652 237 685 21.

175 1074 232 1106 22.

174 1498 230 1531 23.

174 1924 232 1958 24.

172 2351 230 2385 25.

309 285 329 308 a
355 278 451 317 patre
477 274 646 316 prodiens,

260 324 450 358 Rationalia

309 374 343 407 in
368 373 468 408 finem
495 373 651 417 dirigens,

261 423 314 456 Sis
340 433 393 456 me
417 423 546 456 iustitia

311 473 488 507 Caecatum
513 472 692 513 instruens,

264 522 310 556 Ut
336 523 397 555 sim
422 522 457 555 in
484 521 591 564 gratia

311 572 384 605 Tua
409 570 595 613 proficiens.

268 650 433 692 Splendor
458 650 618 682 mirabilis

311 701 473 734 Paternae
499 698 623 740 gloriae

262 749 379 790 Neque
406 748 575 781 dissimilis

310 798 392 831 Eius
418 797 595 838 potentiae,

260 847 343 880 Esto
369 845 543 888 placabilis

310 896 454 929 Nostrae
479 895 626 937 militiae,

260 945 329 978 Nos
355 945 462 986 ligans
489 944 611 985 regulis

308 994 408 1037 Legis
433 993 590 1026 iustitiae.

260 1074 345 1108 Caro
373 1072 501 1106 deifera

309 1122 495 1156 Laudanda
521 1122 710 1164 plurimum,

257 1172 390 1204 Ducens
416 1172 458 1204 ad
486 1171 622 1204 aethera

309 1221 508 1255 Credentem
532 1220 688 1262 populum

258 1270 333 1303 Tibi
362 1269 562 1303 confoedera

305 1320 363 1353 Me
388 1323 480 1352 tuum
508 1318 665 1352 famulum

256 1369 303 1402 Et
327 1372 469 1401 mentem
495 1377 616 1410 repara

306 1418 373 1451 Per
393 1418 478 1451 illud
501 1418 643 1459 epulum.

259 1498 285 1532 O
312 1497 543 1539 potentissima

309 1547 433 1588 Virtus,
461 1556 557 1588 quam
584 1545 704 1587 iugiter

259 1596 408 1629 Phalanx
434 1596 585 1638 angelica

306 1645 440 1678 Laudat
468 1649 500 1677 et
527 1645 677 1685 dulciter,

257 1697 368 1729 Motus
394 1693 581 1738 simplifica,

307 1744 431 1786 Quibus
456 1743 617 1777 flebiliter

259 1795 364 1829 Gurro
390 1803 451 1835 per
472 1794 601 1826 lubrica

307 1843 422 1876 mundi
448 1852 487 1876 ac
511 1843 665 1885 turpiter.

258 1920 376 1957 Virtus
402 1921 567 1955 multifida

307 1972 423 2006 Mente
446 1972 654 2005 cernentibus

258 2022 305 2055 Et
329 2020 397 2055 fide
422 2020 553 2054 fervida

310 2071 358 2104 Te
383 2071 616 2113 metuentibus,

257 2121 401 2163 Expelle
426 2120 537 2154 lurida

308 2172 339 2204 A
363 2171 487 2204 nostris
514 2169 680 2213 cordibus,

259 2221 349 2261 Quae
375 2219 466 2253 facta
491 2219 629 2253 sordida

308 2270 391 2304 Sunt
417 2270 536 2312 culpae
562 2267 720 2303 faecibus¹

258 2349 518 2384 Inexhauribilis

309 2401 400 2434 Fons
428 2399 524 2433 divae
550 2398 677 2441 gratiae

259 2450 390 2483 Mentes
417 2459 437 2482 a
462 2449 600 2481 maculis

309 2499 440 2533 Lavans
467 2498 643 2540 nequitiae,

718 125 961 162 -13-

974 226 1027 260 Da
1052 225 1118 259 tuis
1145 223 1277 259 famulis

1022 276 1151 309 Donum
1178 274 1347 315 scientiae,

972 325 1020 358 Te
1046 325 1181 357 laudum
1206 323 1312 356 titulis

1020 374 1067 408 Ut
1091 373 1228 407 laudent
1253 375 1392 407 strenue

888 455 944 489 26.
975 454 999 487 O
1027 452 1243 486 teletarchica

1020 502 1234 541 Illuminatio,

973 552 1121 593 Fugatur
1146 550 1273 584 hostica

1022 601 1093 641 Qua
1120 599 1320 638 observatio,

972 650 1152 683 Succurrat
1178 648 1275 682 deica

1020 700 1093 732 Tua
1120 697 1277 740 dignatio,

971 747 1074 782 Nobis
1101 755 1182 788 quos
1207 747 1338 787 pestica

1017 796 1125 830 Vexat
1151 796 1309 830 turbatio.

935 903 941 909 .
971 876 996 910 O
1024 874 1190 908 ineffabile

1017 924 1087 957 Ens
1114 924 1333 966 existentium,

968 973 1196 1016 Inattingibile

1018 1023 1083 1055 Per
1107 1023 1225 1055 mentis
1253 1021 1395 1064 radium,

968 1073 1031 1106 Tui
1056 1072 1225 1105 immobile

1017 1121 1086 1154 Des
1115 1121 1319 1154 desiderium

970 1170 1095 1204 Pressis
1122 1178 1182 1211 per
1207 1168 1325 1202 flebile

1028 1219 1149 1253 Mundi
1176 1219 1337 1253 exsilium.

878 1301 935 1334 28.
965 1299 1034 1332 Ens
1060 1300 1283 1341 personaliter

883 1726 940 1759 29.

887 2151 943 2184 30.

1017 1349 1166 1391 Trinum,
1194 1350 1336 1382 essentia

968 1399 1079 1433 Unum
1106 1399 1242 1431 realiter

1017 1447 1095 1481 Sive
1121 1447 1319 1491 substantia,

967 1496 1201 1529 Potentialiter

1017 1545 1209 1579 Producens
1237 1546 1336 1586 entia,

969 1594 1164 1628 Gubernans
1192 1596 1334 1628 dulciter

1017 1645 1109 1678 Haec
1132 1645 1354 1685 providentia.

970 1724 1103 1758 Summa
1129 1725 1282 1764 essentia,

1018 1774 1291 1815 Incognoscibilis

969 1823 1041 1856 Nec
1067 1823 1256 1864 eloquentia

1018 1872 1065 1905 Es
1093 1873 1314 1915 explicabilis,

970 1922 1095 1955 Mentis
1123 1923 1274 1963 potentia

1019 1970 1132 2011 Dupla
1158 1972 1331 2013 capabilis,

971 2021 1019 2055 Ut
1044 2020 1208 2061 sapientia

1021 2070 1065 2103 Et
1093 2072 1129 2102 ut
1154 2071 1315 2104 amabilis.

972 2150 997 2184 Ο
1024 2150 1223 2184 incessabile

1021 2199 1120 2232 Lucis
1147 2198 1355 2244 profluvium,

973 2249 1064 2282 Dans
1091 2249 1316 2290 praeamabile

1024 2298 1127 2332 Cordi
1152 2299 1352 2341 incendium,

972 2348 1110 2381 Illustra
1138 2347 1247 2382 debile

1020 2397 1132 2431 Meum
1158 2398 1335 2441 ingenium,

973 2447 1022 2481 Ut
1046 2456 1193 2488 promam
1223 2447 1321 2480 facilc

1023 2497 1127 2529 Tuum
1155 2498 1377 2538 praeconium.
