1650 2671
181 222 238 255 36.

182 643 238 676 37.

176 1062 233 1094 38.

170 1483 225 1516 39.

171 1905 229 1938 40.

173 2331 231 2367 41.

266 223 347 261 Ave,
374 218 434 252 flos
461 219 615 263 virginee,

309 269 388 302 Flos
414 269 488 301 miri
512 268 633 308 odoris,

265 318 368 351 Nobis
396 321 605 358 temporanee

307 367 347 399 Vi
373 367 523 399 caelestis
549 366 644 407 roris,

263 417 360 450 Ortus
388 416 498 457 virgae
523 415 652 448 Iesseae

313 464 431 505 Stipite
456 463 593 506 decoris,

260 513 374 546 Noxae
401 512 477 554 fuga
503 521 641 547 carneae

311 562 409 595 Virus
435 571 474 594 ac
498 562 622 595 livoris.

265 642 347 685 Ave,
376 641 427 673 cui
452 640 609 674 libamina

310 691 459 723 Laudum
487 699 633 723 amorose

259 740 327 772 Ista
352 748 411 780 per
439 739 615 772 dictamina

308 788 390 821 Libo
417 789 558 831 copiose,

259 837 385 870 Praebe
411 837 627 870 medicamina

305 886 401 919 Meae
428 886 620 919 vulnerosae

259 935 373 978 Menti,
403 945 498 976 quam
524 935 713 976 peccamina

309 983 457 1017 Gravant
482 993 629 1017 onerose.

259 1062 342 1100 Ave,
370 1062 424 1102 qui
449 1062 612 1094 miseriam

305 1111 437 1143 Intrans
462 1111 661 1143 mundialem

259 1159 384 1191 Venisti
408 1168 468 1200 per
494 1159 646 1192 eaelieam

306 1209 439 1241 Portam
465 1209 667 1250 virginalem.

258 1258 334 1290 Post
360 1257 456 1290 istam
482 1258 656 1290 volaticam

304 1306 411 1339 Vitam
439 1309 469 1338 et
494 1307 663 1339 mortalem

255 1355 323 1388 Nos
350 1356 392 1388 ad
418 1355 603 1388 beatificam

304 1405 378 1437 Duc
404 1407 435 1436 et
461 1405 669 1437 aeternalcm.

252 1484 335 1522 Ave,
363 1492 381 1515 o
406 1491 465 1515 rex
490 1483 625 1524 gloriae,

304 1531 444 1565 Domine
469 1532 634 1576 virtutum,

256 1580 392 1615 Hostem
418 1579 592 1622 plurifarie

301 1630 499 1671 Deprimens
527 1632 702 1671 versutum,

257 1679 393 1712 Praesta
418 1679 497 1711 mihi
525 1680 656 1713 vincere

301 1729 463 1769 Impetum
488 1728 657 1767 be11utum,

255 1778 323 1817 Quo
350 1780 485 1811 conatur
509 1786 656 1820 mergere

303 1827 360 1859 Me
385 1827 419 1859 in
446 1825 547 1860 faecis
574 1827 687 1859 lutum.

255 1906 338 1946 Ave,
363 1906 448 1947 Iesu,
475 1906 588 1939 valida

304 1955 417 1987 Virtus
443 1954 656 1995 infirmorum,

257 2004 329 2037 Tua
353 2005 481 2046 pellens
507 2005 613 2046 gratia

304 2053 403 2086 Virus
429 2054 591 2097 vitiorum,

252 2102 395 2135 Tuorum
419 2103 592 2135 considera

306 2151 414 2185 Corda
440 2150 645 2192 famulorum,

252 2201 302 2234 Ne
329 2201 447 2234 cadant
473 2202 505 2233 vi
532 2201 653 2234 callida

301 2250 588 2283 Adversariorum.

256 2331 340 2372 Ave,
367 2330 423 2362 lux
449 2328 584 2362 mirifica

305 2380 374 2412 Tuo
403 2387 472 2411 cum
500 2379 676 2419 splendore

254 2430 417 2463 Relevans
444 2427 624 2461 maestifica

306 2478 415 2513 Corda
442 2478 482 2511 de
508 2486 667 2523 maerore,

717 141 744 144 -
803 120 947 155 74—-

877 868 935 901 43.

869 1288 925 1321 44.

872 2134 931 2166 46.

964 218 1098 252 Gratiae
1123 218 1293 253 imbrifica.

1011 269 1146 311 Quaeso,
1173 277 1224 301 me
1251 268 1394 311 madore,

960 318 1079 351 Mundi
1105 317 1220 359 fugans
1246 318 1374 351 lubrica

1007 367 1090 399 Mali
1117 376 1187 399 cum
1214 369 1356 400 auctore.

922 470 930 478 .
958 446 1041 485 Ave,
1069 445 1259 478 indeficiens
1286 444 1352 484 fax,

1010 497 1107 535 Quam
1136 498 1232 535 pater
1259 495 1351 527 dedit

960 542 1097 585 Mundo,
1126 544 1180 584 qui
1207 544 1390 576 caecutiens

1012 592 1075 624 Per
1100 590 1188 624 fluxa
1212 592 1347 636 incedit,

960 640 1008 672 Tc
1035 640 1117 673 duce
1142 641 1331 683 regrediens

1009 689 1063 723 Ad
1090 689 1194 722 Deum
1222 690 1359 733 accedit,

959 737 1071 771 Noxas
1099 748 1169 771 cum
1196 739 1343 771 abiciens

1008 788 1152 829 Legibus
1179 788 1301 820 obedit.

962 867 1046 907 Ave,
1073 867 1128 899 lux
1157 867 1306 908 exposita

1011 915 1098 948 Loco
1126 916 1309 959 excellenti,

960 965 1135 997 illustrans
1162 965 1372 1006 abscondita,

1008 1014 1114 1046 Badio
1141 1014 1278 1055 potenti,

963 1062 1085 1095 Nostra
1111 1063 1201 1095 solve
1228 1063 1340 1096 debita

1006 1109 1087 1143 Vita
1111 1112 1145 1143 in
1171 1112 1347 1155 praesenti,

960 1160 1010 1192 Ne
1034 1163 1109 1200 post
1135 1159 1238 1193 feram
1266 1160 1380 1193 abdita

1005 1209 1142 1242 Aeterni
1168 1209 1331 1242 tormenti.

954 1288 1036 1327 Ave,
1062 1287 1241 1328 speciosior

1002 1337 1077 1369 Iesu
1107 1336 1270 1369 Absalone

955 1387 1064 1426 Atque
1088 1386 1269 1426 sapientior

1003 1434 1094 1475 Rege
1119 1434 1301 1476 Salomone,

954 1483 1070 1524 Moyse
1095 1486 1129 1515 tu
1155 1484 1275 1524 mitior,

1002 1532 1135 1565 Fortior
1161 1532 1328 1575 Samsonc,

957 1582 1053 1615 Unde
1079 1581 1159 1614 mihi
1186 1582 1293 1614 carior

1004 1631 1097 1663 Omni
1127 1631 1268 1664 datione.

919 1736 926 1741 .
955 1711 1036 1749 Ave,
1064 1709 1118 1750 qui
1145 1718 1178 1742 es
1207 1709 1353 1742 dulciter

1004 1758 1109 1791 Natus
1136 1759 1302 1799 genetrice

957 1807 1037 1841 Orta
1062 1808 1259 1840 mirabiliter

1004 1856 1114 1889 David
1141 1866 1180 1889 ex
1206 1857 1328 1901 radice,

955 1906 1060 1938 Arma
1083 1915 1136 1938 me
1161 1905 1327 1939 subtiliter

1005 1954 1102 1988 Fidei
1127 1955 1238 1996 bilice,

956 2004 1001 2038 Ut
1028 2005 1178 2037 resistam
1205 2003 1337 2038 fortiter

1004 2053 1071 2086 Liti
1097 2054 1259 2087 inimicae.

956 2133 1040 2170 Ave,
1071 2133 1256 2165 diademate

1008 2181 1138 2215 Cinctus
1166 2191 1184 2214 a
1210 2185 1350 2222 paterna

955 2232 1069 2273 Manu,
1098 2240 1169 2262 eum
1193 2231 1338 2264 biomate

1005 2280 1065 2313 Isti
1092 2280 1134 2312 ad
1161 2289 1313 2321 superna,

956 2330 1047 2362 Tuae
1068 2329 1150 2370 legis
1179 2330 1330 2371 dogmate

1005 2378 1144 2411 Animae
1167 2379 1298 2411 interna

954 2428 1051 2461 Meae
1076 2427 1163 2460 omni
1188 2428 1300 2461 limate

1005 2477 1164 2520 Expurga
1189 2481 1335 2512 veterna.
