1650 2671
180 222 259 256 141.
287 221 312 254 Ο
341 219 446 255 forma
472 221 566 253 deica

332 270 554 313 Infigurabilis

283 318 398 360 Neque
423 319 571 360 angelica

330 367 444 401 Mente
470 367 637 412 capabiIiS‚

281 417 384 457 Virgo
409 418 561 450 theotoca

329 465 505 499 Succurrat,
531 465 686 507 credulis,

285 516 370 556 Quos
396 524 475 556 gens
499 515 660 556 paganica

329 565 482 597 molestat
505 564 679 598 scandalis.

176 635 255 668 142.
283 632 448 665 Bonorum
474 633 615 665 omnium

334 680 443 715 Genus
471 681 667 714 describeris

283 730 582 770 Greneralissimum,

324 779 415 812 'Dans
443 788 514 812 esse
540 780 668 822 ceteris,

283 828 388 861 Nobis
413 829 569 862 auxilium

330 877 470 919 Largire
495 877 632 919 miseris,

282 928 368 966 Quos
395 936 475 959 onus
501 926 634 958 nimium

331 974 456 1008 Gravat
480 974 644 1009 facinoris.

175 1045 254 1078 143.
287 1044 524 1077 tnaccessibilis

328 1092 402 1125 Lux
428 1095 524 1133 atque
552 1091 694 1133 claritas,

282 1141 394 1173 Hostis
419 1141 578 1173 terribilis

330 1190 521 1231 Propellens
547 1188 710 1230 tenebras,

279 1238 337 1272 Me
362 1240 482 1280 premit
506 1237 625 1271 flebilis

332 1287 454 1329 Gulpae
479 1288 671 1331 obscuritas,

282 1337 390 1370 Pollat,
414 1337 563 1370 amabilis

331 1387 431 1426 Quam
457 1389 514 1418 tua
538 1385 655 1425 pietas.

174 1456 255 1489 144.
278 1455 348 1487 Ens
375 1464 408 1487 es
435 1455 639 1494 omnipotens

332 1503 575 1544 omnipotentia

285 1553 408 1585 Cuncta
426 1552 595 1585 stabiliens

334 1602 370 1635 ln
398 1601 619 1641 subsistentia,

287 1651 414 1683 Virtute
441 1650 607 1683 continens

333 1698 452 1732 Creata
476 1699 595 1739 omnia,

284 1750 420 1789 Semper
446 1747 660 1782 communiens

334 1797 412 1831 Cum
439 1797 656 1839 providentia,

178 1867 257 1900 145.
285 1866 310 1900 O
337 1867 394 1900 lux
420 1865 558 1899 mirifica

332 1915 476 1949 Illucens
502 1916 675 1960 mentibus,

284 1965 321 1997 ln
349 1965 445 1998 laude
472 1966 565 1998 deica

334 2013 375 2046 Se
402 2014 639 2057 exercentibus,

284 2062 407 2104 Synaxi
432 2064 590 2104 psalmica

333 2111 406 2144 Hac
429 2115 463 2144 te
485 2111 706 2157 laudantibus,

286 2161 317 2193 A
344 2161 441 2201 culpa
464 2161 592 2193 lubrica

334 2210 461 2243 Munda
487 2210 687 2244 clementius.

747 120 953 157 -24-

881 220 961 255 146.
991 221 1123 254 Cunctis
1148 219 1298 252 amabilis

1032 270 1080 303 Es
1107 273 1140 301 te
1164 268 1385 310 noscentibuS,

986 318 1226 352 Desiderabilis

1035 367 1090 401 Sic
1114 370 1148 399 te
1173 367 1366 411 amantibuS,

986 419 1072 451 Vere
1096 415 1272 449 laudabilis

1035 465 1323 506 Peregrinantibus

987 516 1037 548 Ac
1062 514 1259 547 venerabilis

1033 563 1314 598 pervenientibus.

874 632 955 669 147.
982 631 1255 673 Incomparabilis

1032 681 1079 714 Et
1103 690 1228 713 summa
1252 681 1394 722 trinitaS,

983 729 1238 764 Inaestimabilis

1035 779 1134 813 Cuius
1159 778 1370 821 immensitas,

982 829 1029 861 Te
1053 837 1127 860 mea
1151 826 1279 870 fragilis

1036 876 1208 910 Collaudat
1234 877 1392 918 parvitas,

982 926 1102 959 Petens
1128 929 1165 957 ut
1186 925 1319 958 humilis

1033 974 1123 1009 Caeli
1150 974 1295 1008 delicias.

875 1042 956 1078 148.
982 1041 1193 1085 Sapientifica

1030 1091 1174 1132 Altaque
1198 1092 1342 1132 trinitas,

986 1140 1077 1174 Caeli
1102 1140 1306 1173 hierarchica

1033 1188 1135 1228 Quam
1160 1189 1276 1222 laudat
1302 1189 1456 1231 dignitas,

982 1237 1086 1270 Nobis
1112 1236 1261 1272 benefica

1030 1286 1170 1327 Largire
1200 1287 1305 1320 deitas

987 1337 1066 1370 Post
1090 1335 1204 1368 mundi
1228 1336 1358 1369 lubrica

1032 1385 1130 1418 Vitae
1156 1384 1299 1419 divitias.

877 1455 956 1488 149.
985 1455 1010 1487 O
1038 1452 1217 1487 honorifica

1033 1502 1218 1544 Sanctaque
1243 1504 1384 1545 trinitas

984 1552 1220 1586 Ecclesiastica

1036 1601 1138 1641 Quam
1166 1602 1245 1635 colit
1271 1601 1389 1643 pietas,

986 1650 1050 1683 Sed
1078 1653 1110 1683 et
1136 1651 1284 1692 angelica

1034 1700 1167 1733 Laudat,
1191 1700 1376 1733 sublimitas

984 1748 1168 1790 Mundique
1193 1747 1321 1784 fabrica

1036 1798 1100 1832 Seu
1124 1798 1332 1833 universitas

883 1868 958 1902 150.
987 1868 1083 1901 Vitae
1110 1868 1308 1910 principium

1036 1918 1147 1959 Atque
1173 1919 1345 1960 essentiae,

990 1966 1123 2000 Laudat:
1149 1967 1321 2010 collegium

1036 2016 1130 2056 Quod
1155 2026 1243 2050 nunc
1268 2018 1438 2059 ecclesiae,

986 2066 1052 2099 Per
1077 2066 1296 2107 patrocinium

1035 2114 1156 2147 Matris
1178 2115 1369 2148 clementiae

989 2163 1062 2196 Duc
1084 2172 1143 2196 nos
1168 2163 1201 2195 in
1229 2164 1383 2205 gaudium

1038 2212 1195 2245 Caelestis
1221 2213 1360 2256 patriae.

243 2288 324 2317 Orat.
347 2297 401 2316 ms.
422 2289 607 2325 Tegurinum
627 2296 705 2317 saec.
728 2287 773 2317 15.
809 2289 882 2317 Clm.
906 2290 1062 2318 Monacen.
1084 2287 1121 2317 20
1132 2287 1198 2318 005.
1220 2291 1271 2319 fol.
1290 2289 1325 2319 12
1334 2300 1360 2319 a.
1379 2306 1418 2310 —
1433 2290 1479 2327 16,
1495 2293 1514 2322 2

166 2328 258 2357 Cuius
280 2331 326 2356 est
345 2327 481 2356 mirifica.
501 2342 541 2346 —
563 2325 609 2360 15,
629 2324 650 2356 4
673 2328 877 2356 daemoniaca.
898 2343 937 2348 -
959 2327 1004 2362 19,
1028 2328 1042 2357 1
1066 2329 1235 2358 omotheon.
1257 2347 1291 2351 —
1317 2329 1382 2365 140,
1403 2329 1423 2359 4
1444 2333 1512 2362 dae-

165 2371 312 2397 moniaca.
333 2381 372 2387 -·-
394 2365 459 2401 141,
484 2365 499 2395 1
521 2366 636 2395 deifica.
657 2382 695 2386 —-
719 2366 782 2397 145,
805 2366 822 2395 5
844 2376 887 2404 sq.
910 2369 971 2396 und
990 2368 1007 2396 7
1031 2377 1074 2404 sq.
1096 2370 1277 2405 umgestellt.
