1650 2671
167 206 222 240 89.

166 628 222 662 90.

168 1047 225 1081 91.

163 1467 219 1500 92.

160 1889 216 1921 93.

158 2311 215 2344 94.

717 102 958 139 -64-

250 206 333 247 Ave,
361 204 498 247 pulcher
523 202 668 244 fioscule,

305 255 427 288 Mirum
455 253 627 285 odoratum

253 303 347 337 Dans
374 311 413 335 ac
440 301 636 334 delectabile

301 351 460 385 Reddens
487 350 569 382 caeli
595 352 725 391 pratum

253 401 304 434 Sit
329 402 392 434 hoc
417 399 623 440 acceptabile

302 448 377 483 Tibi
404 448 627 489 praedicatum

251 499 296 533 Et
321 497 535 540 propitiabile

299 546 385 581 Mihi
414 547 632 580 decantatum.

250 627 334 667 Ave,
361 625 430 659 vita
454 634 646 667 pauperum,

297 675 426 708 Ductor
452 683 491 706 ac
516 675 629 717 tutela,

248 724 385 758 Hostem
413 723 538 764 pellens
567 722 698 755 efferum

301 773 367 806 Sua
392 781 463 804 cum
489 772 635 813 suadela,

253 822 316 864 En,
343 830 395 854 me
421 823 538 862 gravat
562 821 720 853 scelerum

300 871 421 913 Turpis
449 870 647 910 curruptela,

252 920 354 960 Quam
380 921 509 951 tuorum
535 927 704 952 munerum

300 969 442 1002 Relevet
467 968 605 1002 medela.

252 1048 335 1087 Ave,
364 1048 491 1087 lampas
516 1046 636 1088 lucida,

298 1096 422 1128 Lumen
451 1095 531 1127 dans
558 1103 719 1135 serenum,

254 1144 364 1177 Corda
389 1143 550 1176 mundans
577 1144 713 1176 sordida

297 1194 363 1226 Per
389 1195 495 1224 aetum
522 1195 698 1230 terrenum,

253 1241 447 1274 Nostrorum
475 1240 528 1273 fac
554 1239 677 1282 frigida

298 1290 470 1323 lncentiva
496 1299 608 1321 renum

248 1339 295 1372 Et.
319 1340 361 1372 ad
388 1338 508 1371 bonum
534 1339 641 1371 solida

301 1389 366 1421 Per
391 1387 472 1428 legis
498 1390 574 1419 tuae
599 1386 738 1420 frenum.

248 1467 331 1509 Ave,
358 1466 407 1499 sol
435 1459 560 1506 deifice}

296 1515 394 1548 Cuius
422 1514 583 1547 claritudo

245 1563 449 1605 Resplendet
475 1562 611 1596 mirifice

294 1612 455 1646 Mentium
481 1613 515 1644 in
542 1613 633 1653 sudo,

248 1663 434 1697 Clementer
457 1670 509 1693 me
536 1662 673 1706 respice,

298 1712 322 1745 O
350 1720 476 1743 summa
500 1711 722 1752 pulchritudo,

247 1760 353 1793 Laudi
380 1758 579 1792 honorificae

294 1810 385 1842 Tuae
411 1809 465 1849 qui
490 1809 617 1841 insudo.

243 1888 326 1933 Ave,
357 1889 437 1921 dans
467 1887 636 1920 seientiam

293 1937 510 1978 Eruditionis,

244 1986 344 2019 Iustis
370 1995 497 2026 quoque
522 1986 657 2027 gloriam

292 2034 541 2075 Retributionis‚

246 2083 416 2125 Suspende
441 2083 634 2115 sententiam

292 2134 403 2166 Iustae
431 2132 562 2165 ultionis

242 2181 428 2223 Largiendo
454 2181 593 2222 gratiam

292 2230 530 2264 Absolutionis.

241 2309 324 2353 Ave,
352 2317 446 2350 quem
475 2308 624 2341 devotius

292 2357 451 2391 Mundum
480 2357 716 2398 gubernantem

242 2407 414 2443 Credimus
442 2409 475 2438 et
502 2406 636 2439 colimus

289 2458 328 2491 In
356 2456 445 2489 caelo
471 2458 673 2498 regnantem,

874 430 930 463 95.

871 852 927 885 96.

871 1272 926 1306 97.

867 1692 924 1725 98.

866 2114 923 2148 99.

963 201 1023 235 His
1049 205 1083 235 te
1107 203 1141 236 in
1168 203 1317 246 apicibus

1009 252 1129 285 Sedulo
1156 252 1345 286 laudantem

961 301 1097 344 Semper
1122 302 1156 334 in
1184 300 1380 335 caelestibus

1007 350 1084 383 Tibi
1110 350 1164 383 fac
1189 354 1362 384 astantem.

957 430 1043 471 Ave,
1069 430 1251 463 indicibilis

1005 478 1139 511 Entium
1167 479 1359 520 pulchred0‚

959 527 1017 560 Oui
1045 528 1095 559 his
1120 528 1254 561 laudum
1280 527 1384 560 titulis

1007 576 1199 609 Cantionem
1227 577 1299 620 edo,

955 625 1081 659 Laudis
1108 628 1183 658 tuae
1209 624 1347 658 vinculis

1006 674 1063 706 Me
1088 675 1223 707 totalem
1252 673 1348 716 dedo,

955 723 1004 758 Ut
1029 732 1080 755 me
1106 733 1126 756 a
1151 724 1306 764 periculis

1006 772 1124 805 Serves
1153 781 1224 805 cum
1254 771 1389 805 decedo,

956 852 1037 892 Ave,
1066 850 1156 883 Deus
1182 851 1297 892 Israel,

1004 901 1085 945 Ave,
1109 900 1187 933 Iesu
1212 900 1307 942 bone,

955 948 1097 981 Vocatus
1122 948 1283 982 Emanuel

1006 998 1097 1030 Vatis
1125 998 1284 1037 cantione,

955 1048 1005 1080 Te
1028 1049 1194 1079 recturum
1221 1046 1325 1080 Israel

1003 1095 1072 1136 lugi
1105 1095 1239 1136 ditione,

955 1144 1058 1176 Matri
1087 1144 1169 1176 dixit
1193 1143 1328 1177 Gabriel

1004 1193 1043 1226 In
1071 1193 1279 1226 salutatione.

955 1272 1037 1313 Ave,
1067 1279 1159 1312 quem
1186 1272 1386 1312 promiserat

1003 1319 1072 1351 Lex
1100 1323 1133 1352 et
1156 1320 1341 1362 prophetia,

953 1369 998 1401 Et
1025 1378 1123 1401 carue
1148 1372 1305 1411 genuerat

1000 1417 1105 1450 Beata
1130 1417 1248 1461 Maria,

954 1467 1018 1501 Cor
1043 1475 1149 1498 meum
1177 1467 1345 1499 desiderat

1002 1515 1058 1559 Te,
1090 1516 1194 1548 dulcis
1219 1515 1354 1552 Messia,

950 1564 1048 1598 Unde
1073 1565 1134 1597 tibi
1159 1564 1278 1597 iubilat

998 1613 1073 1646 Hac
1094 1614 1128 1646 in
1154 1614 1343 1655 hymnodia.

951 1692 1035 1729 Ave,
1062 1695 1174 1725 rector
1196 1693 1347 1725 caelitum

1002 1740 1166 1782 Molisque
1191 1743 1353 1781 terrenae,

954 1789 1085 1823 Gratias
1113 1790 1342 1823 charismatum

1000 1839 1106 1871 Menti
1134 1839 1214 1871 dans
1241 1848 1387 1876 serenae,

951 1887 1108 1928 Regionis
1135 1888 1261 1921 aditum

1002 1936 1137 1970 Patefac
1163 1947 1318 1970 amoenae

952 1986 1067 2028 Nobis,
1095 1996 1159 2027 qua
1183 1986 1217 2019 in
1244 1986 1407 2019 saeculum

999 2035 1047 2068 Te
1072 2035 1240 2068 laudemus
1267 2037 1373 2077 plene.

952 2116 1032 2154 Avo,
1061 2115 1146 2157 Iesu,
1173 2114 1282 2155 ianua,

1000 2162 1065 2195 Per
1091 2172 1185 2203 quam
1213 2171 1294 2203 grex
1320 2161 1479 2194 iustorum

952 2211 1042 2245 Caeli
1068 2211 1197 2243 scandit
1225 2211 1329 2244 ardua

998 2260 1101 2292 Donis
1127 2260 1327 2304 meritorum,

950 2309 999 2341 Te
1023 2308 1196 2342 laudantes
1225 2318 1345 2342 cernua

998 2358 1092 2392 Voce
1118 2358 1180 2390 hac
1205 2358 1397 2400 hymnorum

948 2407 1116 2441 Perducas
1144 2408 1186 2440 ad
1213 2417 1338 2449 pascua

997 2457 1330 2490 Praedestinatorum.
