1650 2671
203 233 283 266 125.

204 654 284 689 126.

201 1075 283 1109 127.

194 1494 274 1528 128.

194 1915 275 1949 129.

192 2337 271 2372 130.

312 234 395 275 Ave,
424 240 520 272 quam
546 231 596 263 his
622 230 774 263 laudibus

362 280 469 315 conor
494 279 661 313 elimatum

311 329 464 363 Laudare
487 328 656 362 devotibus

361 380 472 419 Atque
498 378 686 411 decusatum

311 429 380 462 Fac
404 436 465 468 me,
494 435 565 459 cum
591 426 808 468 gaudentibus

358 476 478 512 Vivere
502 479 680 517 gregatum,

313 526 415 560 Caute
440 533 511 557 cum
538 524 723 557 errantibus

360 576 470 615 Atque
492 577 688 615 separatum.

311 654 394 693 Ave,
421 655 518 693 porta
542 652 662 693 iugiter

359 702 557 742 Semperque
585 704 721 745 serrata,

308 752 371 784 Per
395 753 503 783 vatem
529 751 690 783 veraciter

356 799 439 834 Olim
466 799 671 844 prophetata,

308 849 452 882 Messiae
478 847 620 880 feliciter

354 897 501 931 Tandem
527 897 694 938 adaptata,

310 946 449 979 Subveni
479 946 629 978 celeriter

355 994 450 1037 Mihi,
478 1005 495 1027 o
521 995 628 1028 beata.

311 1076 393 1113 Ave,
420 1082 502 1114 quae
528 1082 561 1106 es
587 1074 729 1114 unguine

356 1123 545 1156 Pneumatis
571 1123 698 1163 repleta

306 1172 352 1204 Et
376 1171 425 1204 sic
451 1171 525 1204 divo
552 1171 696 1212 germine

348 1219 436 1253 Miro
462 1220 559 1252 modo
585 1219 662 1260 feta,

303 1269 351 1302 Te
375 1269 566 1302 laudantum
594 1269 737 1301 carmine

350 1319 418 1352 Isto
444 1321 553 1350 mente
577 1319 665 1351 laeta

300 1366 421 1400 Debita
445 1376 505 1407 pro
533 1367 668 1399 crimine

349 1417 462 1450 Poena
487 1415 530 1447 sit
558 1416 675 1449 deleta.

302 1495 384 1535 Ave,
410 1493 503 1534 regni
527 1493 638 1535 superi

352 1542 503 1575 Prudens
528 1543 755 1582 restauratrix,

301 1591 543 1631 Consequenter
567 1589 664 1623 inferi

350 1640 396 1673 Es
423 1639 620 1675 evacuatrix.

301 1689 383 1722 Esto
408 1688 473 1720 mei
496 1688 607 1721 miseri

351 1737 413 1771 Pia
440 1736 642 1771 defensatrix

302 1786 479 1827 Hostisque
502 1785 653 1827 pestiferi

350 1835 460 1868 Fortis
487 1836 714 1877 expugnatrix.

303 1917 383 1955 Ave,
411 1917 516 1947 mater
541 1915 652 1956 gaudii

350 1964 395 1997 Et
417 1964 641 2006 iucunditatis,

300 2013 410 2046 Mater
433 2012 497 2045 Dei
521 2012 591 2055 filii,

348 2061 459 2095 Mater
483 2062 628 2104 pietatis,

299 2110 448 2143 Gratiam
473 2112 610 2144 remedii

349 2159 479 2193 Cunctis
507 2160 549 2192 da
575 2160 714 2193 turbatis

300 2209 410 2249 Atque
434 2210 616 2249 purgatorii

350 2257 467 2290 Poenis
493 2256 683 2299 profligatis.

297 2337 380 2380 Ave,
408 2345 426 2368 0
452 2335 623 2368 sublimior

349 2385 481 2419 Cunctis
507 2394 526 2417 o
551 2385 670 2427 Maria,

303 2434 430 2469 Sanctis
455 2444 529 2467 nam
555 2434 708 2467 humilior

349 2483 457 2518 Fuisti
480 2484 513 2516 in
540 2483 603 2525 via,

901 458 985 494 131.

899 880 981 915 132.

901 1302 976 1335 133.

893 1722 973 1757 134.

892 2145 972 2178 135.

1013 232 1167 276 Subveni,
1195 236 1228 266 te
1255 234 1425 278 deprecor,

1060 281 1155 327 Mihi,
1182 285 1287 315 mater
1315 283 1379 323 dia,

1010 330 1139 363 Virtute
1163 332 1341 373 pauperior

1060 380 1216 414 Omnibus
1243 391 1313 414 sum
1340 382 1426 423 quia.

1011 460 1093 504 Ave,
1122 469 1200 493 arca
1224 461 1350 502 gratiae

1055 508 1101 541 Et
1126 509 1327 551 salvationis,

1009 556 1124 590 Suavis
1150 557 1266 591 foedus
1293 559 1416 600 gloriae

1055 606 1343 649 Repromissionis,

1007 655 1055 687 Te
1081 655 1254 688 laudantes
1279 657 1366 689 serie

1056 704 1161 737 Huius
1189 705 1347 738 cantionis

1007 751 1133 786 Refove
1158 753 1193 786 in
1219 754 1330 795 requie

1055 802 1306 836 Exsultatiom's.

1008 881 1091 923 Ave,
1119 881 1232 914 domus
1259 881 1368 923 regiae

1057 929 1179 963 Christi
1204 931 1384 964 maiestatis

1006 979 1058 1011 Ac
1081 979 1314 1020 imperatoriae

1056 1027 1196 1061 Sanctae
1218 1029 1388 1072 trinitatis,

1007 1077 1143 1118 Porrige
1168 1077 1360 1110 clementiae

1054 1126 1189 1158 Manum
1215 1126 1381 1159 tribulatis

1003 1174 1149 1217 Abigens
1177 1175 1361 1209 discordiae

1052 1224 1150 1257 Virus
1177 1233 1247 1257 cum
1274 1226 1429 1266 peccatis.

1003 1302 1086 1344 Ave,
1113 1303 1310 1336 mirabiliter

1052 1351 1140 1390 Quae
1150 1352 1314 1385 Christum
1330 1355 1522 1397 concepisti,

1001 1400 1302 1441 Incorruptibiliter

1050 1448 1211 1490 Huncque
1235 1452 1405 1493 peperisti,

1003 1496 1147 1530 Carmini
1172 1500 1334 1541 sagaciter

1050 1547 1242 1580 Insistentes
1268 1549 1323 1581 isti

1001 1595 1040 1627 In
1066 1596 1164 1628 caelis
1189 1599 1379 1637 perenniter

1049 1644 1124 1676 Tibi
1150 1643 1205 1677 fac
1229 1646 1350 1679 assisti.

1000 1723 1082 1764 Ave,
1111 1732 1207 1764 quam
1232 1734 1319 1758 nunc
1343 1734 1484 1759 veneror

1047 1772 1120 1804 Hoc
1144 1782 1204 1813 per
1230 1783 1360 1807 carmen
1386 1784 1504 1818 meum,

1000 1820 1085 1853 Nam
1112 1830 1146 1854 es
1172 1823 1253 1855 mihi
1278 1824 1385 1856 carior

1048 1870 1205 1904 Omnibus
1231 1875 1308 1913 post
1332 1873 1447 1915 Deum,

999 1919 1047 1952 Tc
1074 1920 1193 1952 devote
1221 1922 1393 1965 deprecor,

1048 1969 1141 2002 Pelle
1166 1970 1371 2015 Iebusaeum,

999 2018 1058 2058 Qui
1086 2019 1183 2052 modo
1208 2019 1361 2053 infestior

1048 2067 1195 2109 Occupat
1220 2078 1277 2102 cor
1302 2079 1421 2105 meum.

999 2145 1081 2190 Ave,
1108 2156 1252 2188 purgans
1279 2157 1389 2181 aerem

1047 2194 1145 2227 Sidus
1172 2205 1190 2228 ο
1218 2197 1369 2240 caeleste,

998 2243 1133 2283 Quando
1161 2248 1283 2277 motum
1307 2246 1476 2289 lugubrem

1047 2292 1149 2324 Pellis
1173 2295 1291 2326 mentis
1317 2299 1473 2340 maestae,

997 2339 1076 2383 Fac,
1105 2344 1142 2373 ut
1168 2345 1261 2374 caute
1286 2344 1459 2389 ambulem,

1047 2389 1149 2421 Recte
1174 2399 1213 2422 ac
1238 2392 1395 2435 modeste,

997 2437 1049 2469 Ne
1075 2436 1190 2471 foeder
1214 2448 1275 2480 per
1300 2443 1498 2479 mulcebrem

1045 2487 1172 2520 Motum
1196 2488 1379 2526 inhoneste.
