1650 2671
176 226 235 259 47.

251 224 333 263 Ave,
350 225 405 264 qui
419 233 452 256 es
465 224 499 256 in
514 224 670 264 templum
684 223 815 255 Domini

249 273 482 307 Praesentatus
506 273 571 305 ritu
597 272 742 311 Iudaico,

247 322 428 355 innitentes
456 320 597 355 defende
621 320 743 353 nomini

246 371 316 403 Tuo
342 373 440 404 vento
468 370 508 402 ab
534 369 729 411 aquilonico.

173 450 230 483 48.
243 449 326 488 Ave,
355 449 444 481 cuius
470 458 505 481 os
533 448 724 489 sapientiam

178 741 237 775 51.

247 497 309 530 Est
336 497 480 529 locutum
505 497 611 529 turbis
636 497 793 539 fidelium,

247 545 394 587 Linguae
420 555 510 578 meae
538 546 579 578 da
598 546 814 587 eloquentiam

246 594 336 635 Veri,
354 603 490 635 pravum
508 594 641 628 frenans
660 595 832 636 eloquium.

877 226 935 258 49.

878 451 932 483 50.

812 124 880 159 106
935 145 978 150 —

949 225 1033 265 Ave,
1062 225 1152 256 cuius
1179 221 1401 256 manifestatio

948 273 1173 313 Exspectatur
1197 271 1380 311 iudiciaria,

948 322 1019 354 Tua
1045 322 1123 354 assit
1150 324 1229 354 tunc
1255 319 1443 361 consolatio,

951 370 1137 403 Gloriemur
1163 380 1227 411 qua
1252 369 1334 401 caeli
1360 368 1476 411 gloria.

949 450 1031 490 Ave,
1058 448 1143 490 Iesu,
1171 448 1261 481 cuius
1289 447 1456 480 vocamine

949 497 1183 538 Propelluntur
1209 497 1313 529 hostis
1337 495 1516 536 conamina,

949 545 1136 579 Gratiarum
1163 554 1266 586 aquae
1292 544 1465 586 aspergine

949 594 1072 627 Mentis
1095 603 1187 627 meae
1211 595 1287 627 lava
1311 594 1491 628 cavamina.

647 674 972 716 Quinquagena
997 673 1039 706 ΙΙ.

253 741 338 781 Ave,
366 741 450 781 lesu,
478 742 511 774 in
540 742 629 774 cuius
655 741 808 774 laudibus

258 789 444 823 Gloriamur
454 791 615 823 caelorum
622 793 819 833 neumatum,

256 838 319 876 Da,
330 847 370 871 ne
378 840 480 872 hostis
488 838 642 872 fallamur
649 838 820 872 fraudibus

258 887 372 928 Neque
399 888 482 920 dolis
509 888 577 920 eius
603 889 792 923 satellitum.

183 972 239 1004 52.
255 970 338 1010 Avo,
366 971 451 1012 Iesu,
481 971 570 1003 cuius
593 971 776 1003 ventilabro

178 1198 237 1231 53.

177 1872 233 1905 56.

176 2097 233 2130 57.

178 2324 235 2359 58.

252 1018 465 1051 secernemur
490 1019 568 1051 iusti
594 1019 634 1051 ab
659 1020 780 1063 impiis,

254 1067 316 1107 Da,
331 1075 372 1099 ne
386 1078 511 1100 rursum
524 1066 639 1101 foeder
648 1068 818 1100 volutabro

253 1115 367 1147 Noxae
395 1117 500 1148 rictus
527 1116 809 1157 concupiscentiis.

253 1198 335 1241 Ave,
357 1199 445 1231 cuius
463 1198 578 1231 mortis
591 1207 652 1239 per
666 1199 820 1240 stigmata

254 1245 485 1280 Consortamur
509 1248 543 1279 in
568 1247 648 1280 belli
671 1248 752 1289 acie,

251 1295 372 1328 Nostra
392 1305 522 1328 sumens
539 1296 820 1329 holocaustamata

252 1344 448 1377 Rorulentos
475 1344 529 1377 fac
554 1345 660 1377 imbre
682 1346 817 1387 gratiae.

227 1422 330 1465 .Ave,
359 1423 448 1455 cuius
474 1431 535 1463 per
559 1423 673 1455 mort-is
698 1423 817 1455 merita

248 1470 442 1503 Liboramur
468 1481 487 1503 a
509 1471 623 1504 mundi
648 1471 789 1515 turbine,

250 1519 310 1563 Da,
338 1522 475 1559 peccata
499 1520 579 1552 mihi
603 1520 719 1553 inolita

247 1568 315 1600 Tuo
343 1566 446 1601 fretus
473 1568 600 1601 vincam
626 1569 800 1603 iuvamine.

227 1646 332 1685 .Ave‚
351 1647 437 1689 lesu,
456 1647 510 1688 qui
524 1647 665 1688 quinque
680 1647 817 1680 vulnera

246 1695 293 1727 Es
320 1704 495 1737 perpessus
522 1696 627 1728 crucis
653 1696 811 1740 patibulo,

251 1743 437 1777 Gratiarum
466 1745 508 1777 da
533 1745 626 1777 nobis
651 1754 794 1788 munera,

247 1793 294 1827 Ut
319 1793 488 1826 laudemus
515 1796 548 1825 te
574 1796 648 1826 voto
674 1794 799 1826 sedulo.

250 1874 330 1911 Ave,
358 1871 442 1914 Iesu,
470 1872 596 1905 thronis
622 1872 784 1905 aethereis

246 1920 439 1954 Introducte
460 1924 516 1953 tua
541 1921 698 1962 potentia,

247 1969 398 2002 Irretitos
421 1973 595 2003 venantum
621 1969 745 2010 laqueis

246 2018 318 2050 Tua
342 2020 449 2052 solvas
474 2019 710 2052 misericordia.

248 2097 331 2139 Ave,
360 2096 446 2137 Iesu,
475 2097 564 2129 cuius
590 2106 678 2130 mors
701 2097 817 2129 inclita

249 2145 444 2186 Serpentino
471 2146 633 2178 succurrit
657 2146 789 2186 morsui,

246 2194 355 2227 Freno
379 2195 461 2236 legis
487 2198 564 2227 tuae
591 2195 728 2227 debilita

247 2243 475 2276 Reluctantem
499 2252 628 2276 carnem
654 2243 795 2284 spiritui.

251 2323 333 2366 Ave,
362 2323 415 2364 qui
441 2331 511 2354 cum
529 2321 650 2354 inferni
668 2322 817 2362 principe

251 2372 419 2405 Passionis
447 2371 582 2404 certasti
605 2371 725 2414 gladio,

247 2421 304 2455 Me
330 2430 350 2453 a
374 2420 448 2454 foro
475 2420 577 2462 ipsius
604 2420 704 2463 eripe,

249 2470 385 2512 Quando
404 2470 513 2503 mundi
529 2470 627 2503 tollar
642 2469 683 2503 de
695 2468 814 2502 medio.

880 743 936 776 59.

881 948 937 980 60.

879 1197 936 1231 61.

880 1404 935 1437 62.

877 1608 934 1640 63.

875 1864 930 1897 (54.

877 2068 932 2100 65.

878 2322 933 2355 66.

952 743 1032 785 Ave,
1061 740 1235 774 benedicte
1260 751 1280 774 a
1305 741 1444 783 saeculo,

953 790 1022 830 Quo
1050 791 1204 830 palantur
1223 790 1324 822 hostis
1342 790 1517 832 versutiae,

954 839 1161 872 Concertanti
1188 841 1243 871 tuo
1272 839 1436 871 tirunculo

953 888 1202 920 Armamentum
1231 888 1273 920 da
1297 887 1488 928 patientiae.

952 946 1034 990 Ave,
1065 947 1117 987 qui
1145 956 1204 979 nos
1228 956 1247 978 a
1267 947 1362 979 domo
1382 944 1523 979 carceris

951 994 1117 1027 Liberasti
1143 1004 1204 1035 per
1229 994 1468 1034 fortitudinem,

950 1043 1520 1087 Da,nemundilevemurprosperis,

951 1091 1022 1124 Nec
1046 1092 1186 1125 adversa

1024 1140 1160 1180 gignant
1184 1140 1403 1174 formidinem.

950 1198 1032 1237 Ave,
1061 1196 1222 1232 fortitudo
1249 1199 1473 1240 languentium

951 1247 1030 1279 Tuis
1056 1250 1228 1287 praestans
1254 1248 1309 1280 hic
1326 1248 1520 1291 patrocinia,

950 1296 980 1328 A
1008 1296 1165 1337 languore
1188 1306 1348 1329 conserva
1364 1297 1522 1329 mentium

947 1344 1142 1378 Recolentes
1168 1348 1225 1378 tua
1251 1347 1437 1387 praeconia.

949 1404 1031 1446 Ave,
1060 1401 1108 1436 fili
1134 1404 1243 1437 David
1271 1405 1510 1449 symphonidis‚

948 1451 1001 1485 Ex
1028 1452 1151 1485 intacta
1178 1454 1306 1494 genitus
1332 1454 1471 1496 virgine,

949 1500 1018 1533 Nos
1041 1500 1226 1534 abst1act0s
1243 1503 1339 1535 horto
1357 1503 1522 1536 Adonidis

951 1548 1137 1582 Gratiarum
1164 1552 1257 1591 reple
1284 1552 1471 1585 dulcedine.

948 1608 1030 1644 Ave,
1059 1609 1236 1648 gratiarum
1265 1609 1338 1642 fons
1366 1615 1520 1654 omnium,

950 1656 1047 1689 Cuius
1066 1655 1200 1691 fundum
1222 1663 1272 1691 est
1292 1660 1519 1705 inscrutabile,

947 1705 1117 1738 Inimicum
1146 1716 1266 1740 enerva
1292 1708 1444 1750 bestium,

948 1754 1009 1793 Qui
1035 1753 1224 1796 frequenter

1021 1812 1080 1835 nos
1106 1808 1213 1838 tentat
1238 1806 1386 1842 subdole.

945 1862 1027 1905 Ave,
1055 1862 1139 1901 Iesu,
1169 1865 1224 1905 qui
1251 1865 1362 1898 verbis
1389 1867 1511 1900 acriter

947 1910 1199 1951 Blasphematus
1215 1922 1248 1946 es
1260 1915 1371 1948 multis
1384 1916 1520 1959 vicibus,

950 1959 998 1992 Te
1025 1960 1168 1994 colentes
1196 1963 1325 2003 hymnis
1351 1965 1509 1998 alacriter

947 2008 1000 2041 Ab
1029 2011 1149 2043 amaris
1177 2011 1319 2045 defende
1346 2014 1486 2048 casibus.

951 2068 1033 2108 Ave,
1061 2072 1151 2102 sator
1177 2071 1257 2102 casti
1282 2073 1421 2114 consilii,

948 2116 1039 2155 Quod
1066 2117 1241 2158 implentes

1021 2174 1183 2199 meremur
1208 2169 1355 2214 gloriam,

947 2214 1133 2248 Incolarum
1160 2216 1255 2249 huius
1282 2220 1391 2255 exsilii

947 2263 1028 2295 Esto
1059 2265 1163 2297 redux
1189 2266 1230 2298 ad
1259 2268 1341 2300 caeli
1366 2271 1519 2310 patriam.

949 2323 1031 2360 Ave,
1059 2322 1145 2365 Iesu,
1173 2325 1228 2366 qui
1251 2336 1310 2359 nos
1330 2327 1523 2364 charactere

948 2371 1012 2404 Tui
1037 2374 1140 2405 sancti
1168 2375 1305 2416 signasti
1332 2379 1482 2425 nominis,

948 2420 1017 2452 Nos
1043 2420 1084 2454 ad
1109 2423 1194 2456 viam
1220 2425 1303 2458 velis
1332 2427 1475 2470 dirigere

948 2469 1162 2505 Errabundos
1172 2473 1330 2508 instinctu
1340 2476 1519 2514 daemonis.
