1650 2671
234 206 290 240 34.

232 632 289 665 35.

228 1056 283 1089 36.

224 1478 280 1511 37.

226 1903 282 1937 38.

215 2333 273 2366 39.

318 207 402 248 Ave,
429 210 514 242 caeli
538 211 667 243 dominc

365 257 550 299 Mundique
576 260 730 301 salvator,

317 306 467 340 Pretioso
494 308 652 350 sanguine

365 355 462 388 Vitae
487 361 669 402 reparator,

316 404 367 438 Sis
394 414 414 437 a
440 407 558 439 mentis
585 408 726 440 culmine

370 454 494 496 Culpae
519 456 728 498 exstirpator,

317 503 419 543 Quam
446 513 503 537 suo
531 503 738 539 fraudamine

365 553 491 586 indidit
519 557 707 596 temptator.

317 632 399 673 Ave,
427 634 621 674 sapientiam

368 682 544 715 Praestans
568 683 601 715 in
631 684 774 727 dulcore,

316 730 368 763 Da
393 731 648 773 intellegentiam

365 779 435 812 Tuo
462 789 533 813 cum
561 790 681 823 amore,

314 827 440 860 Facere
465 830 623 862 iustitiam

362 877 432 909 Tuo
458 877 492 909 in
518 878 647 920 timore,

312 926 416 959 Odire
441 927 599 960 malitiam

363 974 427 1008 Suo
455 984 527 1009 cum
553 980 696 1011 auctore.

311 1055 394 1098 Ave,
421 1055 497 1089 Iesu
522 1055 641 1089 flebilis

360 1105 500 1137 Animae
525 1106 655 1139 medela

312 1154 358 1187 Et
383 1154 618 1195 insuperabilis

361 1203 523 1244 Pauperis
550 1205 663 1249 tutela,

313 1253 391 1287 Cum
420 1252 612 1286 decumbam
641 1254 769 1296 debilis,

358 1302 444 1335 Mihi
469 1305 502 1334 te
527 1304 648 1343 revela,

311 1351 425 1384 Hostis
451 1351 628 1385 invisibilis

357 1400 409 1433 Ne
435 1401 545 1433 vincat
570 1402 713 1443 querela.

308 1478 392 1521 Ave,
419 1480 462 1510 mi
492 1479 690 1522 dulcissime,

355 1528 439 1571 Ave,
466 1529 540 1562 Iesu
568 1528 663 1571 bone,

305 1576 438 1610 Medice
462 1577 621 1611 fidissime

354 1626 522 1669 Aegrique
547 1631 696 1672 patrone,

307 1675 399 1709 Servi
428 1677 476 1709 tui
501 1678 627 1710 animae

356 1725 484 1758 Statum
510 1727 558 1758 sic
585 1736 753 1771 compone,

305 1774 352 1808 Ut
377 1775 531 1817 iungatur
556 1776 671 1809 intime

354 1825 430 1858 Tibi
456 1825 487 1858 in
517 1835 630 1867 agone.

309 1904 393 1945 Avo,
421 1905 511 1937 cuius
538 1905 664 1947 legibus

358 1953 484 1986 Strinxi
509 1963 561 1986 mc
586 1964 647 1996 per
671 1958 793 1998 votum,

308 2003 413 2044 Aquis
440 2003 692 2044 baptismalibus

356 2052 435 2086 Cum
462 2062 514 2085 me
540 2054 628 2086 sensi
654 2054 766 2095 lotum,

304 2102 343 2135 In
371 2102 574 2135 orationibus

353 2152 470 2185 Redde
495 2162 548 2185 me
576 2153 726 2185 devotum

305 2202 440 2243 Facque
463 2202 527 2234 mei
552 2203 710 2236 transitus

348 2251 444 2285 Diem
471 2251 552 2285 mihi
578 2255 702 2285 notum.

300 2332 384 2375 Ave,
411 2332 525 2364 vivens
551 2332 669 2376 hostia,

347 2381 477 2415 Donum
507 2382 684 2426 singulare,

298 2431 437 2464 Morbus
464 2434 563 2473 atque
589 2432 669 2465 vitia

347 2482 470 2515 Potens
496 2482 704 2524 propulsare,

935 439 994 473 40.

932 859 990 892 41.

931 1281 988 1313 42.

925 1705 983 1738 43.

923 2131 982 2165 44.

1023 211 1147 245 Nostra
1172 208 1334 242 sacrificia

1069 262 1160 294 Velis
1187 261 1358 299 acceptare

1020 311 1066 344 Et
1090 311 1138 343 sic
1164 318 1221 341 nos
1246 308 1280 340 in
1307 307 1413 349 gratia

1072 360 1143 392 Tua
1168 360 1364 390 restaurare.

1022 441 1106 476 Ave,
1136 437 1191 479 qui
1216 445 1276 469 nos
1302 434 1432 468 fervide

1070 486 1252 520 Subvenire
1276 493 1387 518 mones

1023 536 1118 569 Plebi
1143 539 1219 568 tuae
1245 534 1401 575 pallidae,

1071 585 1128 620 Uti
1156 592 1215 616 nos
1243 591 1387 622 corones,

1020 634 1197 666 Declinare
1222 632 1360 675 provide

1070 682 1139 715 Fac
1164 690 1223 713 nos
1250 689 1453 719 susurrones,

1021 731 1082 771 Qui
1107 733 1184 763 sunt
1207 730 1319 771 lingua
1343 729 1486 762 morbidi

1066 779 1175 812 Veluti
1205 779 1373 812 dracones.

1014 858 1096 899 Ave,
1125 866 1220 899 quem
1250 858 1415 891 desiderat

1067 908 1164 940 Mens
1188 909 1220 938 et
1247 916 1321 940 caro
1348 916 1430 949 mea,

1018 956 1103 990 Olim
1130 965 1225 998 quem
1252 959 1410 998 genuerat

1067 1006 1169 1047 Virgo
1197 1014 1237 1037 ex
1262 1006 1395 1046 iudaea,

1019 1054 1123 1088 odam
1150 1055 1236 1087 hanc
1262 1055 1316 1096 qui
1344 1055 1491 1096 cantitat,

1066 1103 1214 1137 Clemens
1240 1104 1396 1137 mundum
1425 1113 1511 1146 crea,

1017 1155 1118 1193 Quem
1144 1154 1271 1195 peccati
1297 1153 1447 1194 inquinat

1064 1203 1221 1244 Turpiter
1246 1203 1413 1243 morphea.

1016 1282 1099 1320 Ave,
1128 1282 1184 1314 lux
1212 1284 1245 1314 et
1271 1282 1403 1321 veritas,

1062 1332 1127 1364 Per
1153 1340 1249 1371 quam
1277 1335 1327 1363 est
1353 1332 1486 1364 exclusa

1017 1381 1165 1414 Caecitas
1193 1384 1224 1412 et
1250 1379 1390 1423 falsitas,

1062 1430 1133 1470 Qua
1157 1438 1236 1471 gens
1264 1433 1315 1462 est
1340 1428 1484 1475 confusa,

1010 1478 1089 1511 Mea
1114 1488 1174 1520 per
1198 1479 1372 1512 illecebras

1059 1528 1181 1561 Anima
1208 1528 1296 1561 delus

1010 1579 1040 1610 A
1070 1581 1102 1610 te
1125 1578 1209 1619 petit
1233 1578 1357 1619 gratias

1061 1627 1222 1661 Lacrimis
1248 1626 1394 1669 perfusa.

1012 1706 1096 1746 Ave,
1131 1715 1224 1748 quem
1253 1708 1401 1740 sidereae

1061 1755 1216 1790 Laudant
1243 1760 1444 1797 prote-states

1009 1805 1053 1838 Et
1081 1807 1266 1847 scripturae
1292 1816 1421 1848 aureae,

1062 1855 1148 1895 Quas
1177 1859 1348 1888 cusserunt
1374 1860 1476 1898 vates,

1010 1903 1242 1938 Emundentur
1269 1914 1406 1938 carneae

1061 1954 1127 1987 Per
1151 1957 1186 1986 te
1211 1955 1396 1987 voluntates

1014 2002 1167 2046 Nostrae,
1195 2013 1275 2044 quas
1302 2014 1462 2038 venereae

1058 2053 1209 2095 'iurpant
1234 2052 1420 2089 foeditates

1009 2132 1092 2175 Ave,
1120 2132 1266 2176 verbum,
1294 2135 1403 2167 omnia

1060 2184 1159 2217 Pater
1185 2192 1247 2224 quo
1275 2185 1409 2229 creavit,

1012 2232 1104 2273 Quod
1132 2237 1164 2265 et
1190 2235 1267 2265 ante
1293 2236 1444 2275 tempora

1059 2282 1203 2325 Gignens
1231 2284 1403 2324 eructavit,

1010 2332 1082 2366 Tua
1107 2332 1271 2376 sapientia

1057 2383 1125 2416 Nos
1149 2382 1368 2426 recuperavit,

1007 2431 1123 2465 Hostis
1151 2441 1231 2475 quos
1257 2432 1399 2473 pellacia

1055 2483 1095 2515 In
1120 2481 1229 2515 Adam
1256 2481 1446 2522 prostravit.
