1650 2671
731 113 999 151 ——105—

192 212 251 245 27.
269 213 351 254 Ave,
379 211 553 244 benedicte
578 221 639 254 per
665 213 806 255 saecula,

263 260 324 301 Qui
349 260 384 293 in
409 260 514 301 patris
538 261 660 295 venisti
684 262 826 307 nomine,

264 310 355 343 Tuus
382 309 443 342 tibi
469 311 635 353 supplicat
661 310 797 354 assecla,

264 358 469 391 Adulantum
494 368 536 391 ne
564 359 662 393 cadat
687 359 817 394 famine.

191 434 250 467 28.
265 432 349 474 Ave,
379 432 469 465 cuius
497 434 734 475 omnipotentia

263 481 451 515 Maiestatis
477 483 599 516 mundo
624 482 777 526 innotuit,

265 530 344 564 Cum
372 532 413 564 de
439 530 527 563 nube
551 532 657 574 patris
675 532 837 565 sententia

260 579 298 612 In
324 579 489 621 baptismo
517 585 573 614 tuo
598 580 752 616 intonuit.

187 655 246 688 29.
261 653 345 694 Ave,
373 654 458 694 Iesu,
486 655 540 695 qui
567 658 657 687 recte
684 655 795 687 dicere

262 702 431 736 Mediator
456 703 518 736 Dei
547 706 579 736 et
603 703 779 746 hominum,

263 751 455 785 Vinculatos
482 753 566 785 educ
593 752 634 784 de
661 760 802 792 carcere,

259 800 320 840 Qui
331 803 514 843 purgantur
523 802 643 834 ardore
651 801 832 834 criminum.

188 876 244 910 30.
260 874 345 917 Ave,
372 873 428 916 qui
455 874 496 906 de
521 883 630 907 massa
655 875 814 915 pulverea

262 924 433 956 Potestate
460 922 610 956 formasti
635 923 809 962 hominem,

259 972 318 1005 Me
344 975 480 1005 exutum
500 973 586 1005 mole
613 981 771 1013 corporea

259 1020 331 1054 Fac
355 1023 488 1063 gustare
505 1025 595 1054 tuam
614 1021 833 1055 dulcedinem.

191 1096 248 1131 31.
263 1096 347 1137 Ave,
374 1096 449 1129 Iesu
472 1096 526 1136 qui
544 1105 605 1136 per
622 1095 833 1137 sanguineum

260 1144 330 1177 Nos
344 1145 498 1178 sudorem
513 1145 554 1177 ad
572 1144 830 1186 caelosrevocas,

260 1193 389 1226 Motum
406 1194 504 1226 luxus
518 1192 690 1234 exstingue
700 1194 831 1235 igneum

258 1244 309 1276 Ac
334 1242 448 1276 livoris
476 1241 564 1275 faces
590 1241 764 1277 fumificas,

186 1314 242 1347 32.
258 1312 342 1354 Ave,
370 1320 466 1353 quem
490 1321 567 1354 pro-

331 1363 510 1402 sequuntur
535 1360 702 1402 laudibus,

260 1407 482 1444 Continentur
508 1410 563 1451 qui
590 1410 672 1442 caeli
695 1409 829 1453 ambitu,

256 1459 326 1491 Nos
352 1461 484 1493 renatos
512 1460 605 1501 aquis
632 1459 787 1491 vitalibus

257 1507 450 1549 Septiformi
477 1507 619 1541 informa
645 1508 773 1550 spiritu.

185 1579 243 1613 33.
258 1578 341 1617 Ave,
370 1578 457 1617 Iesu,
485 1586 579 1619 quem
606 1576 803 1610 benedicere

255 1626 329 1659 Non
341 1626 517 1660 cessabunt
529 1627 635 1660 sancti
646 1626 676 1658 in
688 1627 828 1669 superis,

255 1676 306 1708 Ne
333 1686 392 1709 nos
418 1676 557 1718 patiaris
583 1676 799 1709 succumbere

255 1726 296 1759 In
314 1726 463 1759 adversis
482 1734 587 1767 neque
601 1725 634 1758 in
649 1725 829 1767 prosperis.

182 1796 240 1831 34.
257 1795 340 1837 Ave,
368 1796 422 1836 qui
448 1794 581 1827 Iudaeis
608 1795 801 1828 venumdari

259 1844 403 1877 Voluisti
425 1844 484 1876 vili
504 1845 709 1886 numismate,

253 1893 333 1932 Nos,
363 1902 443 1935 quos
470 1894 577 1926 cernis

329 1942 423 1976 hoste
451 1942 659 1986 circumdari,

254 1992 500 2033 scripturarum
510 1991 660 2025 conforta
669 1993 831 2033 dogmate.

188 2065 246 2098 35.
261 2062 345 2105 Ave,
372 2060 446 2095 fons
465 2070 621 2103 aquarum
640 2062 828 2105 viventium:

257 2111 348 2152 Quae
373 2112 406 2144 in
432 2120 594 2152 praeceps

330 2159 437 2193 fluunt
464 2161 505 2193 de
530 2160 670 2203 Libano,

256 2211 389 2246 Mentes
416 2210 458 2243 ad
485 2213 519 2243 te
546 2208 802 2251 confugientium

257 2261 296 2296 In
324 2270 436 2293 eorum
464 2258 615 2294 conforta
641 2261 793 2296 termino.

185 2334 241 2368 36,
256 2330 340 2374 Ave,
367 2330 443 2363 Iesu
469 2329 524 2371 qui
549 2338 609 2363 nos
636 2330 768 2363 assidue

253 2380 309 2415 Ad
336 2384 369 2412 te
395 2388 493 2413 vocas
520 2380 593 2423 lege
618 2377 738 2413 bifaria

252 2429 385 2464 Laudes
402 2428 464 2462 tibi
481 2431 669 2469 promentes
684 2429 828 2465 strenue,

257 2478 385 2514 Praebe
412 2478 485 2511 usui
510 2479 708 2514 necessaria.

901 215 958 249 37.
974 215 1057 256 Ave,
1085 214 1159 248 Iesu
1185 214 1240 254 qui
1267 213 1380 253 culpas
1407 212 1514 246 abluis

972 264 1222 305 Supplicantum
1247 261 1309 295 tibi
1334 262 1513 302 humiliter,

971 312 1041 345 Nos
1067 322 1086 345 a
1112 312 1228 353 poenis
1254 319 1349 344 serva
1368 311 1538 352 perpetuis

968 361 1015 394 Et
1039 364 1174 394 aeterna
1199 361 1284 394 bona
1311 360 1354 393 da
1378 359 1525 401 largiter.

898 427 953 461 38.
971 428 1053 467 Ave,
1073 434 1135 467 per
1154 434 1247 466 quem
1267 424 1371 465 captis
1390 423 1539 456 remissio

969 475 1168 509 Praedicata
1194 477 1243 506 est
1268 482 1307 506 ac
1333 473 1490 515 exhibita,

968 523 1024 556 Sic
1050 525 1185 556 ornetur
1209 532 1282 555 mea
1305 522 1438 564 locutio,

968 572 1145 605 Dilabatur
1170 581 1211 604 ne
1234 572 1269 604 in
1295 571 1471 611 prohibita.

896 639 953 672 39.
970 639 1053 678 Ave,
1081 638 1166 679 Iesu,
1195 638 1250 677 qui
1276 635 1319 668 ad
1346 635 1509 676 agalmata

967 686 1167 726 Angelorum

1041 733 1109 767 fers
1137 733 1324 766 drachmam
1353 732 1521 771 decimam,

968 784 1080 816 Precis
1105 790 1198 816 meae
1224 782 1289 814 sint
1315 781 1529 823 thymiamata

964 832 1040 864 Tibi
1065 833 1160 873 grata

1042 881 1083 914 ob
1107 888 1198 920 spem
1223 879 1455 913 firmissimam.

896 942 953 975 40.
969 940 1052 980 Ave,
1078 938 1150 981 flos,
1169 939 1224 980 qui
1242 939 1282 971 ab
1301 938 1396 970 horto
1415 937 1537 971 caelico

968 989 1086 1022 Oluisti
1112 997 1173 1029 per
1197 987 1311 1020 mundi
1340 987 1481 1030 climata,

967 1039 1027 1071 Me
1052 1038 1153 1070 odore
1178 1040 1234 1069 tuo
1260 1035 1390 1070 vivifico

968 1088 998 1119 A
1024 1086 1153 1128 peccati
1178 1090 1284 1118 morte
1309 1086 1479 1119 resuscita.

893 1146 1050 1187 41.Ave,
1078 1145 1132 1187 qui
1161 1144 1351 1188 confregisti
1378 1148 1505 1178 tartara

968 1196 1170 1236 Angelorum
1196 1195 1339 1235 stipatus
1365 1194 1445 1238 acie,

966 1244 1024 1277 Me
1037 1244 1215 1283 turbatum,
1232 1251 1360 1284 precor.
1378 1242 1536 1286 exhilara,

967 1293 1019 1326 Ne
1044 1294 1165 1335 ignava
1188 1295 1304 1334 turper
1330 1292 1480 1334 segnitie.

892 1355 950 1387 42.
965 1353 1050 1396 Ave⁷
1065 1353 1248 1395 Nazarene,
1263 1353 1320 1384 lux
1331 1351 1536 1395 Bethlehem,

967 1402 1079 1435 Omnis
1106 1401 1184 1433 boni
1212 1402 1310 1434 decus
1338 1402 1512 1444 egregium,

965 1451 1152 1491 Agonizans
1180 1459 1221 1482 ne
1247 1450 1314 1483 fide
1338 1450 1486 1493 titubem‚

965 1500 1062 1532 Lucis
1090 1504 1167 1532 tuae
1191 1500 1334 1532 immitte
1359 1500 1499 1533 radium.

893 1561 948 1594 43.
964 1559 1048 1600 Ave,
1076 1559 1131 1600 qui
1155 1559 1307 1591 sudorem
1326 1559 1538 1600 sanguineum

964 1606 1003 1643 In
1031 1616 1135 1650 agone
1161 1607 1277 1641 fudisti
1304 1608 1440 1652 positus,

961 1657 1182 1691 Observantes
1208 1666 1316 1690 meum
1343 1658 1531 1690 calcaneum

963 1707 1087 1739 Hostes
1112 1707 1179 1739 tuis
1204 1709 1379 1747 prosterne
1398 1706 1539 1740 viribus.

892 1769 949 1801 44.
965 1767 1048 1808 Ave,
1077 1768 1162 1807 Iesu,
1192 1767 1330 1799 decorus
1356 1767 1468 1807 specie

968 1815 1129 1848 Filiorum
1157 1825 1238 1856 prae
1255 1816 1341 1848 natis
1361 1816 1537 1859 hominum,

963 1865 1083 1898 Ensem
1092 1864 1171 1897 mihi
1182 1868 1316 1906 praesta
1324 1864 1537 1909 constantiae,

968 1914 1220 1955 Temptamenta

1039 1973 1102 2005 quo
1128 1963 1258 1997 vincam
1286 1963 1492 1997 daemonum.

892 2025 950 2058 45.
964 2023 1048 2067 Ave,
1077 2024 1162 2063 Iesu,
1182 2022 1267 2064 fons,
1289 2023 1379 2056 euius
1395 2024 1538 2067 impetus

970 2072 1142 2106 Civitatem
1170 2072 1232 2105 Dei
1258 2071 1427 2118 laetificat,

968 2122 1065 2155 Rivis
1086 2131 1190 2164 aquae
1208 2132 1267 2155 nos
1283 2123 1389 2155 sancti
1402 2123 1536 2165 spiritus

965 2171 1057 2216 Pota,
1087 2180 1167 2214 quos
1185 2172 1239 2204 hic
1256 2173 1345 2206 latex
1364 2172 1537 2215 significat.

893 2233 951 2266 46.
966 2230 1049 2276 Ave,
1079 2231 1133 2273 qui
1159 2231 1202 2264 ad

1040 2281 1244 2323 regnandum
1270 2282 1434 2324 perpetim

971 2331 1163 2364 Ascendisti
1191 2340 1261 2364 cum
1281 2340 1406 2365 summa
1423 2331 1538 2373 gloria,

967 2382 1006 2415 In
1034 2389 1187 2414 excessus

1038 2440 1098 2463 nos
1124 2430 1251 2470 perduc
1277 2429 1460 2471 Beniamin,

971 2479 1240 2523 Contemplemur
1251 2481 1323 2522 quis
1332 2482 1366 2511 te
1375 2479 1408 2512 in
1417 2479 1536 2521 patria.
