1650 2671
184 227 264 262 145.
280 228 362 269 Ave,
391 227 481 260 cuius
509 228 678 261 conamine

278 278 311 310 A
337 276 465 317 peccati
490 275 644 318 ligamine

278 325 339 359 Tui
366 325 538 360 solvuntur
563 325 677 360 famuli

280 375 327 408 Te
354 378 548 408 venerantes
574 376 692 411 seduli.

181 463 361 506 146.Ave,
388 463 493 508 virgo,
520 462 582 497 flos
607 465 773 508 redolens,

281 512 342 547 Pia
369 513 470 547 corda
496 512 658 556 reficiens,

284 562 425 596 Animae
450 571 543 596 meae
567 563 651 597 vitia

285 612 376 645 Pelle
402 616 459 645 tua
484 611 672 654 fraglantia.

185 701 264 735 147.
281 702 364 739 Ave,
393 711 411 735 o
437 701 501 734 Dei
527 700 607 745 filia,

281 750 381 784 Cuius
407 750 535 783 intrans
560 750 685 783 cubilia

281 799 414 833 Gaudes
440 798 652 832 ineffabiliter

281 848 395 889 Ipsum
421 848 561 881 laudans
587 847 787 888 perenniter.

728 129 990 166 —179—

891 230 971 264 148.
986 230 1069 271 Ave,
1097 238 1192 270 quam
1218 227 1396 262 honorifice

987 278 1129 312 Turmae
1154 277 1292 311 laudant
1316 275 1494 321 angelicae,

986 328 1096 370 Atque
1122 329 1233 360 creata
1256 326 1365 360 omnia

991 376 1062 410 Tua
1090 376 1203 411 dicunt
1227 375 1415 418 praeconia.

892 465 974 499 149.
988 466 1070 507 Ave,
1099 474 1182 506 quae
1208 465 1291 498 caeli
1315 465 1452 506 gloriam

987 513 1095 548 Nacta
1122 523 1155 546 es
1180 523 1240 556 per
1266 514 1447 553 victoriam,

989 563 1114 604 Hostis,
1139 563 1253 596 mundi
1280 565 1312 595 et
1338 562 1505 603 sanguinis

990 612 1030 645 Vi
1056 613 1190 654 superni
1217 612 1415 652 spiraminis.

890 701 971 735 150.
987 702 1069 741 Ave,
1099 700 1202 744 virgo,
1230 708 1326 741 quam
1351 699 1476 733 inclitus

988 750 1189 790 Angelorum
1215 748 1378 782 exercitus

986 798 1118 831 Laudat
1144 800 1177 830 et
1205 797 1433 831 conventicula

985 847 1164 880 Beatorum
1188 855 1249 888 per
1274 847 1418 881 saecula.

780 992 938 1033 Parerga.

558 1075 694 1116 Super
719 1073 845 1108 Beati
870 1074 1155 1109 immaculati.

190 1165 223 1198 1.
237 1164 321 1206 Ave,
350 1164 507 1197 virtutum
537 1163 666 1204 cellula,

237 1213 338 1255 Legis
366 1213 549 1254 adimplens
576 1213 714 1254 singula,

236 1263 285 1295 Te
312 1263 507 1295 extollentes
533 1262 649 1295 sedula

235 1311 351 1345 Laude
377 1312 468 1344 salva
495 1320 557 1353 per
582 1312 723 1345 saecula.

187 1402 219 1435 2.
234 1400 316 1441 Ave,
346 1410 421 1433 rosa
447 1410 465 1433 ο
493 1401 623 1443 caelica,

236 1449 354 1483 Cordis
379 1449 443 1482 mei
469 1458 545 1491 spes
569 1449 676 1493 unica,

232 1499 290 1531 Me
316 1498 437 1532 virtute
463 1497 580 1532 deifica

233 1549 446 1582 Peccatorem
470 1547 622 1584 iustifica.

185 1639 219 1672 3.
232 1638 317 1679 Ave,
344 1638 482 1678 pudoris
509 1637 624 1678 lilium,

227 1687 336 1720 Enixa
361 1686 423 1720 Dei
450 1685 564 1730 filium,

228 1738 330 1778 Quem
357 1736 453 1770 nobis
479 1736 515 1769 in
539 1735 698 1769 auxilium

230 1786 377 1820 Ostende
401 1789 478 1827 post
503 1786 665 1819 exsilium.

179 1876 214 1910 4.
228 1875 312 1916 Ave,
340 1884 358 1907 o
384 1874 495 1908 David
521 1873 602 1918 filia,

226 1925 315 1965 Quae
342 1924 460 1957 mentis
488 1932 560 1956 cum
590 1923 702 1965 vigilia

227 1973 346 2008 Mundi
373 1972 486 2015 fugisti
512 1972 592 2007 vilia

228 2023 441 2065 Naturaeque
469 2022 602 2057 debilia.

179 2123 210 2155 5,
224 2114 308 2155 Ave,
337 2112 407 2146 filia
433 2112 548 2154 Israel,

227 2165 330 2206 Quam
357 2163 522 2196 nuntiavit
549 2161 685 2195 Gabriel

226 2214 370 2249 Matrem
398 2212 471 2247 fore
496 2211 667 2254 Emanuel,

226 2263 296 2305 Quo
321 2264 480 2297 reductus
507 2265 557 2296 est
581 2261 711 2296 Ismael.

176 2357 209 2391 6.
223 2354 307 2398 Ave,
335 2363 354 2387 0
381 2354 484 2395 stirps
509 2352 686 2395 Davidica,

224 2403 366 2446 Compta
390 2404 463 2446 lege
489 2403 653 2442 Mosaica‚

227 2454 394 2489 Conserva
419 2462 471 2487 me
497 2453 538 2486 ab
555 2451 683 2486 hostica

228 2504 363 2539 Fraude
390 2507 422 2536 et
450 2503 621 2538 diabolica.

917 1164 948 1199 7.
962 1163 1044 1206 Ave,
1064 1171 1146 1204 quae
1173 1162 1255 1196 caeli
1282 1161 1406 1195 foribus

964 1211 1158 1246 Sublimaris
1184 1212 1371 1253 honoribus,

963 1263 1102 1295 Praesta
1126 1262 1190 1294 'tuis
1215 1261 1423 1305 memoribus„

965 1310 1116 1344 Solamen
1142 1311 1176 1343 in
1202 1310 1418 1346 maeroribus,

917 1400 948 1433 8.
963 1400 1047 1442 Ave,
1075 1399 1165 1432 cuius
1191 1399 1353 1433 mirabilis

963 1450 1084 1482 Partus
1109 1451 1161 1480 est
1182 1447 1368 1489 ineffabilis,

964 1498 1086 1532 Forma
1113 1497 1353 1542 desiderabilis,

962 1547 1076 1580 Virtus
1101 1549 1153 1581 est
1175 1547 1388 1582 invincibilis.

915 1638 948 1670 9.
961 1637 1045 1678 Ave,
1073 1637 1164 1678 virgo
1193 1635 1320 1670 deifera

961 1686 1007 1720 Et
1033 1687 1198 1719 caelorum
1224 1684 1393 1730 signifera,

963 1735 1066 1769 Serva
1091 1744 1143 1768 me
1167 1736 1208 1768 ab
1235 1736 1403 1777 ephimera

964 1785 1087 1818 Mentis
1113 1794 1152 1818 ac
1177 1788 1274 1827 gente
1300 1784 1409 1820 effera.

893 1874 947 1908 10.
963 1875 1046 1916 Ave,
1076 1874 1174 1907 decus
1202 1874 1371 1916 ecclesiae,

960 1923 1071 1957 Mater
1096 1923 1351 1966 misericordiae,

960 1973 1088 2006 Motum
1114 1971 1209 2006 aufer
1233 1973 1419 2017 superbiae,

959 2023 1048 2064 Quae
1074 2032 1125 2055 me
1149 2024 1245 2055 vexat
1270 2022 1401 2058 cotidie.

888 2113 944 2147 11.
961 2113 1043 2151 Ave,
1070 2120 1186 2145 norma
1210 2112 1355 2146 iustitiae

960 2161 1070 2204 Atque
1095 2162 1168 2196 fons
1195 2162 1385 2204 pudicitiae,

960 2211 1029 2245 Nos
1057 2215 1220 2245 certantes
1246 2212 1280 2245 in
1302 2212 1373 2246 acie

962 2261 1056 2295 Dono
1083 2259 1234 2295 conforta
1258 2262 1395 2305 gratiae.

889 2352 947 2387 12.
962 2351 1045 2392 Ave,
1074 2354 1218 2385 roratum
1246 2351 1382 2386 Gredeon

964 2401 1076 2435 Vellus
1103 2401 1260 2444 virgaque
1281 2402 1406 2442 Aaron,

963 2451 1080 2485 Turris
1106 2450 1236 2485 firmata
1258 2451 1292 2485 in
1317 2450 1409 2493 Sion,

965 2501 1067 2535 Recte
1094 2502 1184 2535 dicta
1210 2500 1395 2534 theotocon.

1300 2555 1356 2586 12²*
