1650 2671
189 217 221 250 9.

169 638 223 671 10.

165 1059 220 1093 11.

170 1479 226 1513 12.

173 1901 228 1934 13.

174 2325 230 2359 14.

249 216 274 249 Ο
302 216 596 257 praeclarissimum

299 264 424 298 Lumen
451 265 615 306 scientiae,

251 313 394 348 Infunde
419 315 546 348 radium

298 363 539 404 intelligentiae

247 413 358 446 Meum
383 414 417 445 in
444 413 582 445 animum

298 461 345 494 Et
369 461 560 502 sapientiae,

247 511 346 551 Quem
373 509 486 543 foedat
510 510 684 551 plurimum

296 558 407 592 Nubes
433 559 592 592 inscitiae.

253 638 330 676 Pax,
358 637 554 670 universitas

298 687 364 719 Per
390 696 484 728 quam
512 686 701 731 conectitur,

250 734 319 767 Lex
345 738 442 776 atque
470 735 600 775 veritas,

302 784 371 823 Qua
397 788 430 816 et
455 785 663 826 construitur,

249 832 352 865 Dolus
379 837 412 865 et
436 832 563 865 falsitas

301 882 417 914 Procul
443 882 593 925 abicitur,

251 930 353 963 Fides
379 934 411 963 et
434 932 579 971 aequitas

299 979 402 1012 Nobis
427 980 592 1015 indicitur.

249 1059 274 1092 Ο
302 1059 524 1092 causalissima

297 1107 448 1148 Veraque
475 1108 590 1149 deitaS,

250 1155 288 1188 In
315 1165 377 1196 qua
401 1159 451 1188 est
476 1156 599 1197 optima

298 1204 345 1237 Et
370 1213 494 1238 summa
518 1205 647 1246 entitas,

250 1253 319 1293 Qua
346 1257 377 1285 et
402 1254 593 1295 plenissima

298 1302 419 1335 Exstat
443 1303 635 1346 paternitas,

250 1351 363 1384 Proles
388 1353 558 1384 verissima

298 1400 344 1433 Et
367 1402 474 1442 prima
500 1401 629 1435 caritas,

253 1479 277 1512 Ο
305 1479 373 1512 vita
398 1480 540 1512 omnium

301 1528 411 1560 Vitam
436 1528 604 1561 vivificans

251 1577 295 1609 Et
320 1577 377 1609 lux
403 1578 581 1610 viventium

302 1626 412 1659 Visum
437 1627 636 1667 illuminans,

252 1674 359 1708 Malos
383 1685 445 1717 per
469 1676 620 1709 meritum

298 1724 398 1758 Vitae
422 1724 611 1767 purificans,

253 1774 359 1806 Iustos
386 1783 444 1816 per
466 1775 647 1816 praemium

302 1822 392 1856 Caeli
419 1823 584 1857 deificans.

257 1900 388 1935 Summa
413 1903 594 1943 paternitas

301 1950 347 1983 Et
374 1950 488 1984 filiatio

255 1999 398 2040 Altaque
424 2001 544 2033 caritas

308 2047 385 2082 Sive
411 2050 556 2089 conexio,

257 2097 388 2131 Summa
412 2097 556 2131 infinitas

301 2146 437 2188 Absque
463 2147 636 2191 principio,

254 2196 302 2229 Te
327 2195 417 2229 nulla
443 2197 561 2230 entitas

306 2244 402 2285 Capit
426 2246 479 2278 vel
504 2246 599 2280 ratio.

257 2324 338 2361 Ens,
366 2324 456 2357 cuius
482 2324 588 2365 gratia

303 2372 367 2406 Est
392 2373 495 2407 omnis
521 2374 629 2413 statio,

256 2422 367 2457 Omnis
393 2423 534 2456 essentia

304 2472 350 2505 Et
375 2472 478 2507 omnis
503 2472 615 2515 motio,

868 441 923 475 15.

869 862 923 896 16.

870 1284 925 1317 17.

871 1707 925 1741 18.

878 2132 930 2165 19.

950 212 1003 245 Ex
1027 213 1191 252 sapientia

999 260 1121 295 Nostra
1144 262 1189 295 sit
1213 262 1311 303 actio,

950 311 1098 344 Tandem
1122 311 1157 344 in
1182 312 1288 353 gloria

999 360 1049 393 Sit
1074 361 1256 395 collocatio.

950 440 1030 481 Ens,
1058 439 1239 473 indicibilis

1001 488 1099 522 Cuius
1125 490 1293 522 maioritas

954 539 1104 571 Praestat
1130 541 1163 571 et
1185 538 1321 580 singulis

999 587 1069 619 Tua
1094 588 1261 628 prioritas,

952 637 999 669 Te
1025 636 1158 670 laudum
1184 636 1289 668 titulis

1001 684 1124 718 Nostra
1150 685 1320 718 minoritas

950 734 1102 777 Extollit,
1128 733 1247 767 flebilis

1002 783 1102 823 Quam
1129 784 1250 825 premit
1275 782 1431 823 pravitas.

952 862 977 896 O
1004 862 1092 894 trina
1117 863 1225 895 unitas

1000 910 1265 944 Substantialiter

954 960 999 993 Et
1023 969 1088 992 una
1113 960 1243 992 trinitas

1002 1008 1067 1041 Sed
1093 1009 1321 1050 personaliter,

952 1058 1029 1091 Mea
1054 1060 1087 1090 te
1112 1057 1259 1100 parvitas

1000 1106 1090 1140 Petit
1114 1106 1291 1146 humiliter,

954 1154 1033 1187 Eius
1060 1156 1195 1188 satietas

1003 1202 1054 1235 Sis
1080 1203 1302 1236 aeternaliter.

952 1282 977 1316 O
1005 1285 1100 1323 pater
1124 1282 1294 1323 luminum,

997 1331 1062 1371 'Qui
1089 1332 1193 1363 lucem
1221 1340 1370 1372 generas,

954 1380 1150 1413 Nostrorum
1177 1380 1347 1412 criminum

1004 1430 1093 1470 Quae
1118 1430 1214 1470 pellit
1240 1429 1405 1470 tenebras,

959 1479 1095 1512 mustra
1117 1479 1274 1511 mentium

1003 1527 1198 1561 Nostrarum
1226 1527 1382 1571 latebras,

952 1577 1094 1618 Expelle
1119 1577 1243 1617 vitium,

1003 1625 1146 1660 Infunde
1172 1626 1306 1668 gratias.

956 1706 980 1739 O
1007 1714 1065 1737 rex
1092 1705 1252 1738 mirabilis

1004 1754 1121 1788 Dictus
1147 1755 1352 1796 Emmanuel,

956 1804 1054 1844 Quem
1082 1805 1215 1837 laudum
1242 1804 1349 1836 titulis

1004 1853 1146 1887 Extollit
1170 1853 1300 1894 Daniel,

957 1902 1030 1935 Suis
1057 1903 1198 1936 oraculis

1006 1952 1141 1985 Profert
1166 1952 1332 1993 Ezechiel,

956 2001 1011 2034 Ad
1039 2005 1169 2042 partum
1195 2002 1332 2043 virginis

1005 2050 1146 2084 Nuntiat
1172 2050 1318 2085 Gabriel.

957 2130 1083 2162 Lumen
1109 2130 1279 2171 spiritibus

1004 2178 1234 2220 intellegibile,

956 2226 1023 2260 Sed
1048 2228 1147 2260 nullis
1172 2228 1321 2261 sensibus

1007 2275 1319 2321 Comprehensibile,

956 2325 1086 2359 Mariae
1112 2327 1265 2366 precibus

1006 2373 1058 2406 Sit
1082 2376 1304 2419 impetrabile,

958 2423 1052 2464 Quod
1077 2425 1128 2456 his
1156 2425 1354 2458 carminibus

1007 2473 1082 2507 Stat
1108 2474 1327 2515 deprecabile.
