1650 2671
146 204 202 236 923.
231 202 313 244 Ave,
337 202 372 235 in
399 211 463 243 qua
487 200 606 242 iugiter

277 252 390 284 Mente
415 249 554 292 anatizo,

230 300 327 333 Unde
352 298 414 332 tibi
440 298 580 332 dulciter

277 349 407 382 Laudes
433 347 595 391 organizo‚

230 397 374 431 Subveni
401 395 552 429 celeriter

275 447 341 480 Pro
366 445 471 486 culpis
498 445 616 487 deriso,

227 495 280 528 Ne
305 495 420 528 tradar
444 493 589 528 finaliter

275 544 326 577 De
353 543 442 577 caelo
468 543 559 578 eliso.

146 605 203 637 94.
229 603 311 648 Ave,
339 601 514 636 ineffabilis

277 651 428 686 Pastoris
452 651 563 696 ovilia,

231 702 329 735 Cuius
356 710 390 733 es
416 702 448 732 et
473 700 592 733 nobilis

278 750 391 783 Mater
417 753 449 782 et
473 749 604 789 ancilia,

230 799 367 833 Praesta
392 798 456 831 tuis
482 796 613 831 famulis

279 847 404 882 Venire
427 848 470 880 ad
495 846 554 879 illa

232 897 355 938 Regna,
382 895 439 929 ubi
464 896 590 929 stabilis

281 947 351 979 Pax
379 947 428 978 est
451 948 483 977 et
507 945 694 985 tranquilla.

150 1006 208 1038 95.
235 1004 316 1047 Ave.
344 1004 434 1035 cuius
459 1002 577 1036 fortius

282 1052 399 1086 Allicit
423 1051 616 1094 pulchredo‚

231 1101 330 1135 Unde
355 1101 418 1133 tuis
444 1100 593 1133 manibus

283 1150 339 1183 Me
365 1149 499 1182 totalem
526 1150 622 1190 dedo,

233 1200 310 1233 Mea
335 1207 395 1239 per
421 1201 453 1230 te
478 1198 627 1239 protinus

285 1247 435 1281 Pellatur
462 1248 609 1288 pigredo,

234 1297 346 1330 Animi
371 1294 573 1336 frequentius

286 1345 389 1385 Quam
414 1348 529 1377 causat
553 1345 707 1377 curvedo.

153 1406 211 1438 96.
237 1404 320 1444 Ave,
347 1404 449 1446 virgo,
478 1403 608 1438 luminis

287 1453 410 1486 Caelici
433 1452 580 1492 lucerna,

239 1501 333 1540 Quod
358 1501 466 1534 devoti
492 1501 636 1538 hominis,

284 1549 448 1582 Accendit
471 1550 611 1589 interna,

237 1599 381 1632 Materni
405 1598 571 1639 regiminis

286 1648 388 1680 Manu
412 1655 465 1679 me
490 1646 645 1688 guberna,

240 1697 289 1729 Ut
314 1697 455 1729 devitem
481 1696 649 1728 daemonis

291 1745 423 1778 Cautius
448 1745 593 1778 laverna.

767 100 836 136 190
886 121 935 126 ——

869 202 924 234 97.
952 201 1034 242 Ave,
1061 200 1162 241 stirps
1188 196 1362 241 magnifica

1002 249 1152 283 Caelicae
1178 249 1293 290 olivae,

954 297 1089 339 Semper
1114 301 1205 332 stans
1230 295 1377 330 salvifica

1000 347 1032 381 A
1057 347 1184 388 peccati
1211 347 1296 387 nive,

954 395 1070 429 Carnis
1094 405 1187 430 meae
1210 395 1339 428 lubrica

1004 444 1146 478 Auferes
1171 445 1314 478 lascivae

952 493 1106 534 Audique
1131 494 1213 526 haec
1238 493 1364 526 cantica

1000 541 1150 576 Laudum
1176 542 1328 575 amative.

871 602 926 636 98.
953 601 1036 643 Ave,
1063 599 1123 633 fios
1149 599 1296 641 mirifice,

1001 649 1123 683 Mirum
1149 649 1328 683 odoramen

953 698 1045 731 Dans
1071 699 1311 732 ecclesiasticae

1003 747 1097 782 Piebi
1124 757 1163 780 ac
1188 748 1343 787 solamen,

954 797 1014 830 Pia
1038 800 1153 840 mater,
1182 798 1310 838 respice

1003 845 1114 879 Meum
1140 846 1351 887 reluctamen‚

954 895 1021 936 Quo
1047 904 1166 936 gravor
1191 894 1232 927 ob
1259 895 1405 927 hosticae

1004 942 1147 977 Fraudis
1169 943 1348 984 litigamen,

873 1004 930 1036 99.
956 1003 1039 1042 Ave,
1066 1011 1162 1043 quam
1187 1002 1343 1043 novagies

1003 1050 1105 1083 Modo
1132 1051 1273 1083 salutavi

956 1099 1096 1139 insuper
1122 1102 1155 1130 et
1179 1099 1302 1139 novies,
1338 1119 1350 1131 ÷

1006 1147 1088 1187 Quia
1112 1151 1146 1180 te
1172 1148 1289 1188 amavi,

958 1196 1045 1229 Nato
1070 1204 1123 1228 me
1149 1196 1313 1236 concilies,

1007 1246 1108 1284 Quem
1136 1246 1339 1286 exasperavi,

961 1293 1065 1327 Sicuti
1090 1298 1123 1326 te
1148 1295 1272 1335 pluries

1008 1344 1118 1376 Antea
1142 1343 1267 1385 rogavi.

856 1401 936 1436 100.
962 1401 1045 1442 Ave,
1073 1401 1163 1434 cuius
1189 1401 1342 1443 precibus

1010 1450 1116 1492 Fugio
1142 1460 1328 1494 gravamen,

963 1498 1041 1532 Cum
1067 1499 1128 1532 tibi
1156 1500 1304 1532 devotius

1014 1548 1101 1582 Cano
1126 1548 1316 1589 iubilamen,

962 1596 1108 1630 Eradica
1134 1596 1281 1631 funditus

1013 1646 1163 1680 Meorum
1190 1645 1362 1679 foedamen

966 1694 1146 1737 Scelerum,
1175 1698 1211 1728 ut
1239 1696 1370 1737 dignius

1010 1744 1163 1779 Venerer
1186 1748 1230 1778 te.
1280 1746 1397 1779 Amen.

610 1832 927 1874 Quinquagena
952 1832 1014 1867 111.

160 1903 244 1938 101.
270 1903 352 1943 Ave.
380 1903 493 1936 hortus
521 1903 626 1935 deitas

316 1952 439 1986 Christi
464 1961 526 1993 quo
552 1950 688 1993 latebat,

272 2000 351 2033 Cum
377 2011 412 2033 se
437 2010 496 2033 sua
520 2001 626 2041 pietas

316 2050 422 2083 Carne
445 2050 619 2089 vestiebat,

267 2098 389 2131 Nostra
413 2102 492 2131 tunc
516 2098 701 2132 humanitas

316 2148 466 2181 Dulciter
490 2147 664 2191 gaudebat,

269 2196 347 2230 Cum
372 2206 408 2229 se
433 2206 492 2229 sua
517 2197 622 2237 pietas

319 2246 424 2280 Carne
448 2246 620 2278 vestiebat.

163 2307 244 2342 102.
272 2305 353 2344 Ave,
381 2313 476 2346 quam
502 2304 666 2346 organicis

314 2354 429 2388 Laudo
455 2354 603 2386 melodiis

271 2404 348 2438 Cum
378 2403 484 2436 choris
510 2402 666 2445 angeiicis

317 2453 394 2487 Sive
415 2452 617 2496 hierarchiis,

967 1901 1155 1935 Fraudibus
1181 1901 1221 1935 ab
1248 1902 1384 1936 hosticis

1014 1952 1174 1985 Precibus
1200 1960 1251 1984 me
1275 1951 1340 1993 piis

966 2000 1089 2033 Libera
1115 2003 1148 2033 et
1171 1999 1309 2033 lubricis

1015 2049 1140 2083 Mentis
1164 2050 1359 2090 phantasiis.

861 2108 942 2142 103.
968 2108 1050 2147 Ave,
1080 2107 1131 2141 cui
1156 2110 1346 2149 opusculum

1018 2157 1123 2190 Huius
1150 2157 1364 2198 symphoniae

966 2205 1127 2238 Affectum
1154 2215 1215 2247 per
1239 2206 1381 2239 solidum

1018 2255 1107 2288 Cano
1133 2254 1251 2287 mentis
1277 2254 1362 2297 piae,

969 2303 1078 2336 Tuere
1101 2312 1155 2336 me
1178 2303 1338 2337 famulum

1019 2352 1134 2395 Tuum,
1162 2362 1180 2385 o
1205 2353 1349 2387 Messiae

967 2401 1090 2444 Mater,
1116 2410 1159 2435 ne
1183 2403 1218 2436 in
1241 2404 1433 2437 scandalum

1019 2451 1142 2485 cadam
1168 2452 1202 2485 in
1227 2452 1290 2486 hac
1316 2453 1379 2489 die.
