1650 2671
678 155 918 191 ,94-

145 255 208 289 89.
236 254 318 295 Ave,
346 254 402 288 lux
424 253 643 289 flammivoma

280 304 466 345 Splendens
494 315 514 338 a
540 304 720 346 surpernis,

230 352 391 397 Suprema
417 357 450 386 et
473 353 585 387 infima

276 403 437 436 Lustrans
460 403 495 436 in
520 403 671 446 internis,

229 451 403 486 Defectum
429 453 462 485 in
490 453 598 486 anima

279 502 405 547 Patior,
432 507 469 535 ut
495 503 612 542 cernis,

230 552 341 593 Quem,
370 560 478 594 exoro,
508 561 680 586 concrema

280 600 415 635 Gratiae
439 601 594 635 lucernis.

145 681 203 714 90.
233 679 317 720 Ave,
347 689 364 712 o
391 689 449 713 rex
476 680 610 722 gloriae,

279 729 362 770 Ave,
389 738 448 762 rex
473 729 640 769 virtutum,

236 776 371 810 Sumens
398 778 581 811 voluntarie

286 826 402 859 Carnis
428 830 559 859 nostrae
582 826 698 866 lutum,

234 875 405 908 Humanae
431 876 582 908 miseriae

283 924 331 956 Te
356 933 502 966 opponas
529 926 666 964 scutum,

235 973 323 1013 Quae
349 973 530 1005 succumbit
556 973 646 1005 varie

282 1021 440 1055 Tolerans
466 1025 642 1055 versutum.

152 1101 210 1134 91.
240 1101 323 1134 Ave.
350 1100 558 1132 seminarium

283 1149 380 1181 Vitae
405 1149 598 1191 sanctitatis,

232 1198 388 1231 Fructum
417 1197 523 1230 ferens
549 1196 674 1229 varium

282 1246 438 1280 Gordium
463 1247 497 1279 in
523 1246 639 1287 pratis,

231 1295 357 1328 Malum
382 1294 594 1328 multifarium

280 1343 376 1376 Mene
400 1345 573 1386 pravitatis

234 1391 339 1426 Aufer
364 1403 424 1435 per
451 1394 618 1426 donarium

279 1442 369 1474 Tuae
394 1442 536 1483 pietatis,

150 1522 206 1556 92.
232 1521 313 1563 Ave,
342 1521 442 1562 stirps
467 1520 629 1553 Davidica

284 1569 409 1602 Carneo
436 1578 507 1603 cum
534 1568 624 1609 flore,

232 1618 367 1651 Terram
394 1624 491 1660 atque
517 1619 639 1650 caelica

281 1667 410 1700 Satiaus
436 1668 546 1709 odore,

229 1716 390 1749 Induatur
415 1717 542 1749 lubrica

277 1765 355 1798 Mea
379 1775 469 1798 mens
497 1766 625 1807 decore,

229 1814 362 1847 Fraude
388 1824 471 1857 quae
496 1815 642 1847 zabolica

278 1861 371 1895 Iacet
395 1865 429 1897 in
456 1867 582 1905 putore.

149 1943 205 1976 93.
233 1942 314 1986 Ave,
343 1944 432 1975 cuius
458 1944 569 1976 oculus

280 1991 404 2025 Cuncta
430 1993 647 2034 conspicatur,

231 2041 331 2081 Quem
363 2039 469 2074 fidelis
495 2042 636 2082 populus

283 2089 389 2130 Digne
412 2094 597 2134 teneratur,

230 2138 261 2170 A
290 2141 322 2169 te
347 2140 420 2171 tuus
447 2138 587 2171 famulus

279 2186 354 2219 Non
383 2188 637 2231 derelinquatur,

231 2235 345 2269 Donec
365 2235 415 2268 illi
440 2237 565 2269 loculus

279 2284 372 2317 Busti
400 2284 555 2317 fodiatur.

150 2366 207 2400 94.
233 2365 315 2406 Ave⁷
344 2364 396 2396 cui
420 2362 591 2405 magnifice

279 2412 470 2447 Animorum
498 2417 607 2445 coetus

230 2463 348 2497 Iubilis
374 2462 586 2505 symphonice

280 2512 394 2546 Munia
423 2513 478 2545 dat
504 2512 620 2553 laetus,

937 254 1053 288 Gordis
1078 255 1143 288 mei
1167 256 1260 289 abice

984 303 1131 338 Gemitus
1159 308 1191 336 et
1215 303 1321 345 fletus,

933 352 1075 386 Fraudis
1104 353 1289 387 diabolicae

982 403 1068 444 Quos
1093 403 1242 436 immittit
1266 404 1380 435 metus.

849 483 905 517 95.
933 482 1014 525 Ave,
1044 483 1133 515 cuius
1160 481 1265 523 gloria

983 531 1092 564 Pollet
1117 532 1203 564 inter
1230 532 1342 572 gentes

932 580 977 613 Et
1002 580 1230 614 misericordia

983 629 1074 662 Inter
1098 630 1315 671 paenitentes,

934 678 1008 711 Duc
1033 679 1066 711 in
1094 679 1176 712 caeli
1202 679 1288 711 atria

982 728 1030 760 Te
1054 727 1295 769 benedicentes,

934 776 1006 809 Tua
1032 777 1197 810 mirabilia

981 825 1088 867 Digne
1114 825 1318 858 confitentes.

852 906 906 938 96.
933 904 1016 944 Ave,
1045 904 1127 936 caeli
1153 904 1264 936 curiae

982 953 1053 985 Lux
1080 953 1155 985 miri
1180 953 1377 993 splendoris,

934 1002 1057 1034 Radios
1083 1002 1275 1034 clementiae

983 1050 1147 1092 spargens
1175 1051 1299 1083 cunctis
1325 1049 1425 1090 horis,

934 1099 1073 1132 Sanctae
1099 1100 1318 1132 continentiae

982 1148 1049 1180 Nos
1075 1149 1260 1189 constringe
1283 1148 1356 1180 loris
1367 1158 1381 1189 ‚-

937 1197 1078 1238 Legibus
1103 1197 1247 1230 iustitiae

984 1245 1175 1288 vinclisque
1200 1246 1329 1278 amoris

847 1325 903 1358 97.
927 1325 1011 1367 Ave,
1039 1326 1091 1365 qui
1120 1324 1316 1358 describeris

979 1373 1042 1406 Dei
1067 1375 1221 1414 salutare,

931 1425 998 1462 Quo
1024 1423 1170 1456 decrevit
1194 1422 1333 1455 hominis

978 1471 1082 1504 Morti
1107 1472 1252 1514 obviare,

932 1520 1011 1554 Cum
1035 1520 1070 1552 in
1096 1520 1160 1553 fine
1184 1520 1313 1553 veneris

979 1569 1098 1603 Orbem
1122 1569 1279 1610 iudicare,

929 1619 1010 1653 Iube
1036 1627 1088 1651 me
1113 1628 1132 1652 a
1160 1618 1304 1651 dexteris

979 1668 1058 1700 Tuis
1083 1669 1204 1701 laetum
1232 1670 1333 1701 stare.

846 1749 902 1781 98.
930 1747 1013 1790 Ave,
1039 1746 1114 1780 lesu
1137 1746 1267 1779 stabilis

976 1795 1073 1828 Fidei
1099 1797 1259 1835 columna,

931 1845 1031 1886 Quam
1058 1848 1115 1878 tua
1140 1845 1291 1878 amabilis

979 1894 1098 1927 Erexit
1123 1895 1264 1933 alumna,

929 1944 1068 1977 Hostem
1093 1944 1158 1977 tuis
1186 1944 1328 1976 credulis

982 1993 1148 2027 Sonticum
1176 2002 1339 2035 expugna,

930 2043 996 2076 Per
1022 2051 1117 2083 quem
1141 2042 1313 2075 infinibilis

979 2091 1127 2125 Minatur
1153 2101 1318 2126 aerumna..

847 2172 903 2204 99.
931 2171 1013 2210 Ave,
1042 2171 1094 2202 cui
1120 2170 1253 2202 assidue

980 2218 1098 2258 Populi
1124 2219 1296 2251 credentes

930 2268 1060 2303 Asiam,
1088 2270 1161 2299 tuas
1187 2270 1321 2299 strenue

980 2315 1112 2348 Laudes
1139 2316 1359 2358 concinentes,

930 2364 1004 2397 Duc
1027 2364 1062 2396 in
1087 2365 1194 2397 locum
1220 2374 1364 2405 pascuae

978 2412 1054 2445 Tibi
1080 2413 1271 2455 servientes,

930 2462 997 2496 Ubi
1021 2464 1055 2493 te
1081 2465 1240 2503 perpetue

979 2510 1050 2544 Sint
1077 2512 1300 2553 inspicientes.
