1650 2671
621 196 932 237 Quinquagena
957 195 983 227 1.

167 284 198 318 1.
226 284 308 325 Ave,
335 284 551 318 saluberrime

277 335 380 367 Amor
407 334 607 374 devotorum,

227 382 275 415 Te
301 382 495 415 submittens
520 382 635 414 intime

277 430 444 465 Mentibus
471 439 593 472 eorum,

228 481 323 513 Meae
348 482 468 512 statum
495 479 623 513 animae

274 527 383 563 Effice
410 530 562 562 decorum

229 577 273 611 Et
297 588 317 610 a
343 578 397 610 via
423 578 541 611 dirime

278 627 379 667 Turpi
408 630 629 667 peccatorum.

170 687 202 718 2.
230 686 312 727 Ave,
339 686 473 718 missum
499 685 636 718 caelitus

872 490 904 523 7.

281 734 420 767 Verbum
447 735 564 768 summi
589 734 706 777 patris,

232 783 430 825 Conceptum
460 783 615 816 divinitus

275 833 360 865 Alvo
386 834 462 864 tuae
488 833 613 875 matris,

231 881 341 914 Imbre
366 881 471 913 sancti
498 881 633 922 spiritus

278 930 413 963 Renova
438 938 491 962 me
515 930 629 973 gratis,

232 978 414 1011 Eradicans
441 978 589 1011 funditus

281 1027 403 1060 Causas
429 1027 614 1067 pravitatis.

171 1087 203 1119 3.
231 1085 314 1126 Ave,
341 1085 641 1126 praeclarissimum

276 1133 377 1168 Iubar
403 1133 597 1174 sanctitatis,

230 1182 407 1215 Illustrans
435 1182 604 1223 collegium

279 1230 548 1273 Christianitatis,

225 1280 335 1313 Meum
365 1281 505 1312 clemens
532 1280 674 1313 animum

276 1329 403 1370 Purges
428 1338 449 1361 a
472 1329 629 1370 peccatis,

227 1377 374 1419 Abigens
398 1378 621 1410 taeterrimum

276 1427 414 1460 Hostem
440 1426 625 1470 probitatis.

163 1486 195 1518 4,
226 1486 307 1529 Ave,
333 1483 526 1518 indeficiens

278 1534 380 1574 Copia
407 1533 607 1578 credentum,

228 1583 355 1617 Altaris
379 1586 413 1615 te
437 1582 586 1616 tribuens

274 1633 335 1665 His
362 1641 422 1673 per
448 1636 685 1665 sacramentum

228 1681 292 1714 Cor
319 1690 424 1714 meum
452 1682 598 1714 esuriens

690 1661 697 1677 7

851 1694 906 1727 10.

272 1730 320 1763 Te
346 1731 466 1775 vinum,
494 1729 703 1774 frumentum,

224 1780 361 1820 Quaeso,
388 1779 437 1812 sic
462 1778 612 1812 reficiens

275 1827 352 1861 Tibi
378 1829 432 1863 fac
456 1829 628 1863 intentum.

165 1888 197 1920 5.
224 1887 308 1928 Ave,
336 1887 389 1927 qui
419 1887 577 1922 distantia

278 1936 518 1969 Contrarietatze

228 1986 325 2019 Facis
353 1985 587 2019 concordantia

277 2034 348 2066 Tua
373 2034 523 2078 veritate,

227 2082 342 2116 Hostis
368 2093 388 2115 a
414 2081 547 2116 fallacia

274 2131 321 2164 Et
347 2131 542 2165 crudelitate

226 2181 368 2214 Servans
394 2181 487 2221 reple
512 2181 619 2223 gratia

273 2230 343 2263 Nos
372 2233 405 2262 et
430 2229 576 2265 caritate.

164 2292 194 2325 6.
223 2291 305 2329 Ave,
332 2289 547 2322 invictissime

275 2339 435 2380 Princeps
461 2348 479 2371 o
505 2338 638 2381 Mcssia,

229 2390 330 2431 Quem
358 2387 492 2428 scripsit
517 2388 689 2421 verissime

275 2437 386 2472 Omnis
411 2436 597 2478 prophetia,

851 2096 906 2130 11.

932 282 1023 316 Tuae
1047 282 1258 317 beatissimae

981 332 1100 365 Matris
1127 341 1226 373 prece
1252 332 1308 376 pia

932 381 1073 414 Mundes
1095 390 1147 414 me
1172 381 1213 414 ab
1241 382 1369 416 animae

978 430 1075 463 Meae
1100 430 1279 471 dyscrasia.

926 490 1008 532 Ave,
1037 490 1127 522 cuius
1154 490 1270 523 merito

978 539 1087 578 Atque
1114 538 1275 572 medicina

931 587 1095 620 solvimur
1122 596 1141 619 a
1166 586 1277 620 debito

979 635 1167 676 Mentisque
1193 636 1296 680 ruina,

932 684 1044 719 Corda
1067 687 1182 718 nostra
1206 684 1306 717 facito

979 733 1066 766 Foro
1093 733 1287 777 columbina,

930 782 982 815 Ne
1008 782 1167 815 fallantur
1192 783 1299 816 subito

979 832 1112 864 Fraude
1138 832 1299 865 zabolina.

897 916 903 923 .
932 891 1014 933 Ave,
1041 888 1206 922 ineffabile

980 938 1135 981 Verbum,
1162 948 1225 980 quo
1253 943 1396 973 creatum

930 988 999 1021 Ens
1026 996 1121 1020 omne
1147 988 1289 1020 creabile

979 1036 1041 1069 Est
1068 1046 1106 1068 ac
1134 1037 1333 1077 decoratum,

931 1085 1038 1119 Tuum
1064 1093 1123 1125 per
1148 1086 1300 1118 mirabile

981 1133 1107 1166 Nomen
1135 1135 1260 1167 cunctis
1287 1138 1414 1175 gratum

931 1182 1017 1216 Mihi
1045 1191 1102 1214 cor
1127 1181 1271 1215 flexibile

981 1231 1048 1264 Des
1075 1234 1108 1263 et
1135 1232 1340 1273 depuratum.

898 1316 905 1323 .
933 1292 1016 1331 Ave,
1044 1290 1303 1331 prudentissime

980 1339 1100 1372 Mundi
1126 1340 1336 1383 gubernator,

935 1389 1057 1421 Vereor
1081 1388 1260 1421 iustissime

984 1437 1085 1477 Quem
1113 1447 1171 1479 ego
1198 1442 1363 1481 peccator,

933 1486 958 1520 O
985 1486 1218 1519 amabilissime

981 1536 1165 1577 Pauperum
1193 1540 1330 1580 amator,

933 1584 1031 1618 Vitae
1055 1593 1148 1618 meac
1172 1586 1336 1626 pessimae

981 1634 1064 1666 Esto
1091 1638 1273 1674 reparator.

934 1693 1016 1733 Ave,
1045 1693 1100 1733 qui
1126 1699 1370 1735 syngrammate

981 1743 1074 1775 Tuae
1097 1742 1248 1775 veritatis

934 1791 1030 1825 Omni
1055 1791 1213 1824 mundum
1240 1792 1392 1834 dogmate

985 1840 1109 1881 Purgas
1135 1838 1301 1882 falsitatis,

932 1889 1107 1930 Expurges
1133 1898 1153 1921 a
1179 1890 1291 1923 limate

983 1937 1052 1971 Nos
1078 1938 1259 1979 iniquitatis

932 1988 1052 2021 Ditans
1077 1988 1281 2021 theoremate

982 2036 1133 2069 Summae
1160 2038 1300 2072 deitatis,

933 2096 1015 2139 Ave,
1047 2096 1146 2129 ‹lecor
1172 2095 1293 2129 nobilis

983 2144 1135 2177 Omnium
1160 2143 1340 2178 formarum

933 2194 965 2227 A
991 2197 1087 2234 patre
1113 2203 1132 2226 a
1157 2194 1296 2226 saeculis

982 2243 1045 2275 Per
1071 2245 1104 2274 te
1130 2246 1323 2283 creatarum,

933 2292 1080 2325 Obscura
1107 2291 1311 2325 Christicolis

983 2340 1095 2373 Pande
1122 2340 1371 2384 scripturarum,

933 2389 1056 2430 Quibus
1081 2399 1118 2422 se
1143 2399 1163 2422 a
1188 2391 1324 2424 maculis

982 2438 1145 2472 Mundent
1169 2441 1363 2477 animarum.
