1650 2671
153 200 208 234 53.

155 621 212 654 54.

154 1043 211 1076 55.

149 1465 205 1498 56.

150 1887 207 1920 57.

151 2308 206 2342 58.

238 199 369 233 Summa
393 203 577 243 paternitas

287 249 423 291 Absque
448 251 541 284 initio

235 297 282 330 Et
306 296 452 332 filialitas

288 347 352 380 Seu
376 347 516 381 filialitio

235 395 282 428 Et
305 397 353 428 ita
379 396 498 429 caritas

285 444 362 477 Sive
386 445 563 489 processio,

236 493 307 525 Tua
332 493 376 525 sit
401 494 529 527 bonitas

286 542 411 575 Nostra
435 542 584 577 salvatio.

235 619 336 661 Ignis,
365 621 419 662 qui
445 621 562 655 tribuis

289 670 607 712 Approximantibus

239 718 315 751 Tibi
340 720 481 753 assiduis

287 768 411 801 Mentis
439 768 607 802 conatibus

236 816 390 850 Amorem
417 816 525 851 affluis

284 866 531 909 Devotionibus‚

234 915 328 948 Assis
355 916 499 958 indiguis

284 964 370 997 Meis
396 965 594 1006 precatibus

238 1042 342 1075 Beata
365 1043 506 1084 trinitas,

289 1091 386 1125 Cuius
412 1093 560 1133 potentia

240 1140 313 1173 Nec
337 1150 400 1173 non
427 1140 570 1174 infinitas

286 1189 430 1223 Excedit
454 1191 572 1232 omnia,

241 1238 348 1271 Pellat
372 1238 556 1280 benignitas

288 1287 360 1320 Tua
385 1291 419 1320 et,
443 1289 549 1330 gratia

239 1336 377 1369 Nostras
402 1336 551 1370 miserias

282 1385 327 1418 Et
354 1386 573 1419 adversantia.

236 1463 359 1505 Figura
384 1465 559 1505 splendida

284 1513 396 1546 Patris
423 1513 635 1558 substantiae,

235 1562 356 1595 Forma
381 1561 590 1604 praefulgida

287 1612 432 1645 Cunctae
458 1612 630 1651 essentiae,

237 1660 372 1693 Illustra
396 1660 530 1694 turbida

283 1709 381 1742 Meae
405 1709 556 1743 miseriae

234 1758 366 1791 Ducens
393 1760 433 1792 ad
459 1759 569 1792 lueida

284 1808 339 1840 Me
367 1808 449 1841 caeli
476 1809 595 1842 curiae.

235 1886 325 1927 Ignis
351 1886 489 1919 innocue

281 1935 413 1968 Ardens
439 1936 471 1968 in
498 1937 672 1980 mentibus,

234 1984 328 2023 ipsas
353 1984 499 2024 proficue

280 2033 445 2066 Mundans
471 2043 492 2066 a
515 2033 672 2078 faecibus,

232 2082 326 2114 Assis
352 2083 484 2115 assidue

280 2130 365 2163 Meis
391 2131 571 2172 affectibus,

232 2178 372 2213 Servans
398 2180 529 2213 assidue

280 2229 350 2262 Hos
377 2239 396 2261 a
421 2230 608 2262 sceleribus.

234 2307 303 2342 Ens
332 2307 545 2340 existentibus

281 2357 367 2390 Esse
394 2358 605 2398 constituens,

233 2406 325 2440 Bona
353 2406 543 2439 clementius

281 2456 403 2490 Iisdem
429 2456 618 2497 providens,

801 104 847 140 530

857 428 915 460 59.

857 849 913 882 60.

854 1270 911 1304 61.

940 202 1044 236 Nobis
1070 201 1232 243 propitius

991 251 1042 284 Sis
1070 253 1103 282 et
1129 251 1339 293 compatiens,

941 301 1027 341 Quos
1054 302 1171 342 gravat
1197 300 1343 332 crebrius

989 348 1104 382 Hostis
1130 348 1299 390 insipiens.

941 426 1044 460 Vivae
1067 424 1141 459 fons
1166 427 1304 469 gratiae,

990 476 1015 509 O
1043 478 1157 508 sancte
1181 475 1328 519 spirituS‚

940 524 1075 564 Spirant
1100 533 1193 565 quem
1220 525 1316 557 unice

991 573 1092 606 Pater
1118 575 1151 605 et
1174 571 1272 616 filius,

942 622 1082 656 Sanctae
1108 622 1266 655 ecelesiae

989 671 1084 704 Assis
1113 671 1280 716 divinitus⁷

941 721 1098 754 Premunt
1123 721 1293 762 angustiae

992 769 1092 810 Quam
1119 778 1206 803 nunc
1231 770 1438 804 altrinsecus

942 849 966 883 O
994 848 1106 882 lucens
1131 848 1254 882 veritas

987 897 1027 930 In
1053 900 1162 930 mente
1187 897 1338 936 hominis,

940 947 1039 987 Quam
1067 947 1158 979 nulla
1183 945 1324 980 foeditas

987 995 1152 1036 Deturpat
1177 995 1333 1036 criminiS‚

940 1043 1008 1077 Nos
1036 1045 1134 1077 ducat
1158 1045 1264 1086 pietas

987 1093 1048 1125 Tui
1072 1093 1252 1135 amaminis,

939 1143 1006 1183 Quo
1034 1146 1082 1175 est
1106 1143 1282 1176 aeternitas

986 1190 1217 1226 BeatitudiniS.

939 1270 964 1303 O
991 1270 1109 1313 lumen,
1138 1271 1299 1304 mentibus

988 1319 1209 1360 Intellegibile

940 1368 988 1400 Te
1012 1368 1214 1401 intuentibus

985 1416 1025 1449 1n
1052 1417 1141 1450 caelo
1165 1418 1289 1461 sedule,

939 1466 1042 1498 Necte
1066 1475 1118 1498 me
1144 1466 1261 1500 fortius

985 1514 1102 1556 Legaii
1127 1516 1270 1558 regulae,

888 1567 897 1573 '
937 1563 998 1604 Qui
1024 1565 1114 1597 velut
1138 1564 1258 1606 impius

853 1692 908 1726 62.

853 2117 908 2150 63.

985 1613 1111 1646 Oberro
1139 1612 1268 1648 frivole.

939 1692 1048 1725 Virtus
1074 1691 1214 1725 mirifica

986 1741 1032 1774 Et
1056 1742 1298 1787 supersapiens,

939 1790 977 1823 Vi
1005 1790 1194 1831 potentifica

985 1839 1051 1872 Res
1080 1843 1211 1873 cunctas
1237 1844 1395 1886 statuens,

938 1889 1047 1922 Meum
1075 1889 1221 1923 rectifica

986 1937 1051 1971 Cor
1074 1947 1163 1971 nnnc
1189 1939 1353 1985 deficiam,

939 1987 1031 2028 Quod
1057 1996 1136 2030 gens
1165 1990 1354 2023 daemonica

984 2037 1144 2070 Molestat
1167 2039 1328 2073 saeviens,

938 2115 1044 2149 Causa
1068 2115 1229 2148 mirabflis

984 2163 1030 2195 Et
1054 2164 1281 2204 potentissima

936 2213 1046 2246 Omnis
1074 2213 1227 2246 creabilis

984 2262 1023 2294 In
1049 2262 1161 2295 mundi
1187 2263 1349 2307 maehina,

934 2310 1054 2343 Finitis
1080 2311 1220 2345 saeculis

984 2360 1024 2393 In
1050 2360 1113 2393 hae
1135 2361 1268 2395 miseria

935 2408 1081 2442 Laudem
1109 2418 1180 2443 cum
1208 2413 1333 2453 angelis

983 2458 1031 2490 Te
1057 2458 1140 2492 caeli
1166 2461 1267 2502 regia.
