1650 2671
184 213 243 247 43.
258 215 342 256 Ave,
371 214 473 257 virgo,
500 215 533 247 in
561 225 625 257 qua
650 216 788 251 mirifica

261 264 407 304 operata
433 267 483 297 est
508 274 634 299 summa
661 266 777 309 deitas,

261 312 340 346 Vias
364 322 464 359 meas,
491 323 624 356 quaeso,
651 315 807 360 rectifica,

259 361 345 402 Quas
355 362 514 397 decurvat
521 373 646 397 morum
657 365 832 399 stoliditas

185 441 342 483 44.Ave,
370 450 449 474 arca
477 443 629 475 caelestis
655 445 790 490 gratiae,

187 660 245 694 45.

186 885 243 918 46.

191 1249 247 1283 51.

186 1457 243 1490 52.

186 1663 242 1697 53.

186 1872 242 1904 54.

188 2079 244 2111 55.

183 2288 240 2321 56.

263 491 332 532 Qua
353 490 489 532 perfusa
502 495 578 525 sunt
588 493 703 526 mundi
716 495 832 538 spatia,

263 540 332 573 Nos
367 541 559 575 commenda
584 542 653 584 regi
679 543 833 587 iustitiae,

262 589 307 623 Ut
333 588 490 623 infundar
517 591 629 624 eadem
656 593 771 632 gratia.

260 660 345 700 Ave,
371 657 491 693 flumen
516 660 786 703 misericordiae„

262 708 435 742 Civitatem
462 709 524 744 Dei
551 710 742 751 laetificans,

261 758 365 791 Prece
390 761 446 790 tua
471 759 592 791 malum
621 759 806 791 discordiae

259 805 375 846 Aufer,
397 808 496 840 corda
513 811 626 840 nostra
643 806 832 848 pacificans,

259 885 343 927 Ave,
371 887 484 917 natum
510 885 624 917 videns
649 884 684 918 in
707 885 809 918 iubilo

261 933 504 966 Ascendentem

332 982 374 1015 ad
402 983 513 1016 sedem
540 992 703 1025 superam,

262 1033 342 1065 Post
368 1041 502 1065 examen
532 1032 574 1065 da
598 1036 654 1065 tuo
682 1033 811 1065 servulo

265 1081 443 1115 Pervenire
467 1081 510 1115 ad
536 1082 606 1113 eius
633 1082 815 1115 dexteram.

823 118 887 155 151

893 221 951 254 47.

894 477 952 510 48.

893 730 950 763 49.

894 935 949 969 50.

965 219 1049 262 Ave,
1077 228 1159 262 quae
1174 216 1536 258 incomprehensibilem

969 268 1197 310 circumplexa
1215 277 1248 300 es
1262 267 1365 299 sacris
1381 266 1534 309 brachiis,

970 319 1106 351 Praesta
1117 317 1199 350 mibi
1210 317 1311 349 vitam
1324 314 1537 355 laudabilem,

969 367 1039 407 Qua
1063 366 1240 407 coniungar

1040 418 1227 449 sanctorum
1251 414 1390 457 gaudiis.

967 475 1049 518 Ave,
1075 476 1168 515 virgo
1193 473 1275 507 felix
1301 473 1509 514 christigena,

969 525 1070 563 Quam
1094 524 1216 556 honoro
1235 524 1297 555 hoc
1315 520 1350 555 in
1367 522 1524 565 psalterio

967 573 1033 616 Me,
1063 581 1157 614 quem
1183 575 1320 613 gravant

1040 623 1128 654 mala
1151 621 1339 662 multigena,

967 670 1036 702 Tuo
1061 671 1188 703 releves
1217 669 1390 702 adiutorio.

965 729 1047 771 Ave,
1078 729 1177 769 virgo,
1205 736 1287 768 pons
1313 725 1539 759 fluctuantium

965 776 1071 809 Huius
1095 776 1185 809 vitae
1208 775 1362 809 fluctibus
1378 775 1538 820 lubricae,

966 825 1034 857 Nos
1059 826 1091 857 in
1117 824 1182 857 fine
1210 825 1335 858 dierum
1359 825 1501 858 omnium

967 873 1084 907 Coram
1112 874 1196 907 iusto
1224 882 1344 907 excusa
1370 873 1489 906 iudice.

965 933 1047 973 Ave,
1076 943 1094 966 0
1121 934 1290 975 exemplar
1314 932 1508 966 munditiae..

965 982 1187 1023 Supernorum
1215 983 1313 1015 decus
1341 985 1373 1014 et
1398 981 1513 1025 gloria,

970 1032 1077 1064 Prolis
1103 1035 1181 1064 tuae
1205 1041 1258 1064 me
1284 1031 1388 1064 redde
1404 1031 1540 1074 gratiae,

971 1080 1072 1120 Quam
1099 1080 1193 1114 amisi
1217 1090 1278 1121 per
1297 1080 1422 1121 probra
1436 1081 1540 1113 varia.

669 1170 983 1212 Quinquagena
1012 1170 1058 1204 ΙΙ.

263 1249 345 1290 Ave,
381 1249 489 1295 radix⁷
518 1258 601 1290 quae
624 1249 836 1290 salutigerum

262 1297 392 1331 Florem
421 1298 609 1339 produxisti
636 1299 833 1341 parturiens,

263 1349 387 1388 Agrum
415 1347 525 1381 cordis
552 1349 614 1380 mei
633 1347 834 1389 spinigerum

260 1397 362 1430 Plana
370 1405 435 1428 sem
440 1406 479 1430 en
487 1396 643 1430 virtutum
653 1395 835 1430 conferens.

259 1457 343 1498 Ave,
358 1457 459 1489 turris
472 1456 581 1489 David
595 1457 834 1498 praeeminens,

261 1506 443 1538 Perornata
469 1506 624 1538 virtutum
652 1506 833 1546 gemmulis»,

262 1554 345 1588 Caro
374 1563 444 1587 mea
471 1563 531 1595 per
557 1558 589 1587 te
614 1554 773 1595 insipiens

259 1604 434 1636 Excitetur
459 1604 586 1637 timoris
611 1604 762 1637 stimulis.

258 1665 341 1703 Ave,
371 1664 462 1696 cuius
489 1664 644 1697 membris
670 1664 826 1705 virgineis

262 1712 305 1746 Se
329 1713 464 1746 inclusit
491 1716 619 1746 creator
645 1713 798 1758 omnium,

260 1762 407 1795 Inimicis
433 1773 493 1796 nos
519 1772 538 1795 a
564 1763 718 1796 tartareis

259 1811 364 1844 Tuum
392 1812 484 1845 salva
509 1821 571 1853 per
594 1813 803 1846 adiutorium.

258 1871 341 1912 Ave,
369 1871 461 1903 sidus
488 1872 666 1913 splendore
689 1872 834 1912 rutilum,

257 1920 383 1953 Cuncta
401 1921 514 1954 mundi
531 1921 701 1954 illustrans
716 1922 834 1962 spatia,

260 1969 447 2002 Metuentes
472 1970 587 2003 mortis
612 1970 794 2012 periculum

263 2019 459 2052 consoletur
484 2023 541 2053 tua
568 2019 751 2053 clementia.

259 2079 343 2119 Ave,
372 2079 554 2113 conditioni
580 2080 729 2120 miserae,

261 2128 350 2168 Quae
358 2129 505 2162 succuris
514 2132 646 2162 nostrae
654 2128 835 2171 pei-filium,

261 2177 367 2219 Caput
393 2179 507 2220 anguis
532 2179 659 2221 antiqui
677 2183 823 2218 contere,

260 2227 833 2262 observantisnostrumcalcaneum.

258 2287 342 2329 Ave,
370 2287 474 2330 virgo,
500 2288 617 2322 salutis
642 2289 738 2331 galea

259 2336 422 2378 Fideique
455 2339 605 2372 columna
630 2338 771 2383 stabilis,

259 2386 407 2420 Mentem
416 2396 534 2428 meam,
545 2398 675 2433 precor,
688 2389 834 2430 elaquea,

259 2436 472 2470 Peccatorum
501 2446 577 2470 con-

330 2486 479 2520 strictam
498 2487 647 2523 vinculis

899 1251 956 1285 5¹7.

897 1457 952 1490 58.

896 1715 953 1748 59.

897 1922 953 1956 60.

898 2130 954 2163 (51.

970 1249 1052 1288 Ave,
1082 1257 1167 1290 quae
1193 1248 1355 1281 castitatis
1381 1248 1477 1281 titulo

970 1298 1151 1331 Exornaris
1177 1302 1214 1331 ut
1241 1298 1323 1330 caeli
1349 1297 1491 1341 numina,

971 1347 1021 1379 Ne
1046 1347 1209 1388 serpentis
1236 1347 1383 1380 nocentis
1411 1346 1507 1380 sibilo

968 1396 1175 1440 Toxicemur,
1202 1405 1368 1439 succurre,
1402 1396 1543 1429 domina.

968 1456 1051 1498 Ave,
1079 1455 1186 1496 stella,

1043 1513 1126 1546 quae
1151 1508 1292 1538 mentem
1310 1503 1500 1545 naufragam

967 1554 998 1587 E
1024 1553 1159 1587 marinis
1186 1553 1317 1587 reducis
1343 1552 1496 1586 fiuctibus

966 1604 1194 1645 Insurgentem
1210 1603 1245 1636 in
1264 1613 1320 1637 nos
1337 1603 1542 1645 stratilogam

967 1654 1084 1686 Preme
1110 1653 1177 1685 suis
1206 1662 1277 1686 cum
1304 1653 1515 1687 satellitibus.

972 1713 1052 1756 Ave,
1077 1713 1181 1754 virg0,
1208 1712 1349 1746 Davidis
1374 1712 1454 1751 filia,

971 1762 1068 1796 Cuius
1095 1762 1185 1795 Deus
1212 1762 1338 1803 cupivit
1362 1762 1518 1804 speciem,

969 1811 1092 1845 Natum
1119 1814 1208 1844 tuum
1234 1811 1329 1845 nobis
1356 1811 1505 1855 concilia,

970 1862 1159 1895 Evadamus
1185 1864 1223 1893 ut
1248 1870 1342 1894 arcus
1367 1861 1495 1895 faciem.

967 1922 1051 1962 Ave,
1077 1921 1180 1962 virgo,
1206 1920 1307 1953 turris
1335 1921 1487 1959 eburnea,

968 1970 1020 2004 De
1046 1970 1106 2003 sub
1135 1970 1225 2002 cuius
1243 1979 1352 2012 pugno
1372 1971 1543 2009 velamine,

969 2020 1027 2052 Me
1052 2019 1207 2062 iuvando,
1236 2029 1366 2064 quaeso,
1396 2020 1545 2053 accelera

970 2069 1008 2102 In
1028 2079 1104 2111 prax
1115 2069 1198 2102 endo
1214 2070 1329 2103 mortis
1344 2070 1542 2104 discrimine.

969 2129 1052 2168 Ave,
1087 2129 1192 2162 tutrix
1218 2129 1325 2170 plebis
1354 2130 1543 2174 catholicae,

970 2178 1024 2212 Ab
1039 2179 1101 2212 hac
1117 2178 1221 2212 hostis
1232 2179 1358 2220 pellens
1368 2178 1545 2222 fallaciam,

970 2228 1027 2261 Me
1052 2228 1240 2270 praeceptis
1268 2228 1387 2261 divinis
1414 2228 1527 2262 subice

969 2279 1007 2311 In
1035 2277 1184 2311 adversis
1213 2279 1294 2312 dans
1321 2278 1524 2320 patientiam.

949 2339 1053 2383 ‚Ave‚
1082 2339 1186 2380 virgo,
1206 2338 1265 2371 sub
1282 2339 1372 2371 cuius
1392 2338 1545 2379 tegmine,

970 2388 1197 2430 Requiescunt
1224 2388 1325 2421 corda
1352 2387 1496 2425 humilia,

973 2437 1162 2472 Gratiarum
1190 2439 1282 2479 reple
1308 2437 1509 2479 pinguedine

972 2488 1021 2521 Te
1048 2488 1165 2521 devoto
1190 2487 1355 2521 laudantis
1381 2486 1479 2521 labia.
