1650 2671
163 231 244 264 111.
271 231 356 271 Ave,
383 231 432 263 sol
456 230 599 263 iustitiae

319 278 436 312 Totum
461 279 604 312 lustrans
622 278 788 322 mundum,

274 328 403 361 Veneno
429 328 574 361 malitiae

316 377 463 411 Mersum
490 378 524 409 in
548 375 762 421 profundum,

267 425 437 467 Templum
465 425 683 459 conscientiae

316 475 412 508 Meae
437 475 495 508 red
501 475 542 507 de
567 474 721 507 mundum

268 523 315 556 Et
338 533 398 565 per
425 523 509 556 dona
534 523 659 565 gratiae

315 573 399 605 Mite
424 575 456 604 et
480 571 671 605 iucundum.

159 651 241 687 112.
267 651 349 691 Ave,
379 651 468 683 cuius
494 651 599 694 gloria

323 700 470 742 Terram,
497 700 614 739 caelOS‚
642 708 732 732 mare

272 750 402 791 Replet,
429 750 484 790 qui
508 748 644 782 humilia

316 799 458 832 lntueris
486 799 584 837 clare,

269 847 422 881 Animum
448 847 581 880 subtilia

319 896 439 935 Meum,
463 896 539 929 Iesu
566 904 651 938 care,

268 945 339 978 Tua
361 949 399 978 ut
423 944 557 978 subtilia

318 996 422 1034 Queat
445 993 613 1035 indagare.

163 1075 241 1107 113.
270 1073 352 1114 Ave,
379 1082 440 1114 per
467 1082 561 1115 quem
586 1073 736 1105 machina

317 1122 437 1155 Exstat
462 1122 616 1161 universi,

269 1170 367 1203 Cuius
392 1171 474 1211 legis
499 1170 623 1203 trutina

314 1219 466 1253 Redeunt
492 1220 649 1260 perversi,

267 1268 419 1301 Animam
447 1269 632 1310 conglutina

318 1317 392 1350 Tibi
420 1327 505 1350 nunc
531 1318 677 1350 conversi

269 1366 408 1407 Servuli,
435 1375 495 1406 per
521 1367 657 1399 crimina

317 1418 424 1448 Antea
452 1414 601 1447 demersi.

160 1494 239 1528 114.
267 1495 347 1537 Axe,
375 1493 608 1534 b‹nignis.sime

315 1543 400 1585 Iesu,
428 1551 521 1583 quem
550 1543 660 1584 dilexi,

268 1591 445 1632 Postquam
472 1595 505 1624 te
530 1591 699 1624 verissime

312 1640 418 1673 Deum
443 1640 601 1682 intellexi,

268 1689 321 1722 Ad
348 1694 382 1722 tc
409 1690 510 1722 visum
537 1690 665 1722 animae

315 1738 461 1772 Devotns
487 1739 574 1771 erexi

267 1788 467 1829 Hostemque
493 1788 648 1821 citissime

315 1838 472 1870 Abnuens
500 1838 643 1878 despexi.

158 1916 239 1950 115.
267 1916 348 1951 Ave.
373 1916 523 1957 gloriatio

314 1965 498 2006 Martyrum
521 1968 660 2009 tuorum,

265 2013 346 2047 Dim
376 2014 529 2048 cruciatio

314 2062 360 2095 To
388 2063 553 2096 collaudat
578 2072 710 2104 quorum

265 2110 321 2143 Pia
345 2112 535 2145 intercessio

312 2160 396 2193 Mihi
423 2161 478 2193 det
503 2170 623 2201 eorum,

264 2209 385 2250 Iungar
411 2212 446 2241 ut
470 2211 631 2243 consortio

316 2258 414 2291 Chori
439 2257 617 2293 beatorum.

151 2337 232 2372 116.
261 2337 342 2380 Ave,
372 2346 497 2370 summa
523 2336 644 2370 veritas

714 2090 723 2108 7

311 2385 495 2419 Informans
518 2386 698 2429 credentes,

268 2435 366 2469 Cuius
391 2436 577 2477 gratiositas

313 2485 431 2519 Laetus
459 2484 539 2518 facit
564 2487 698 2528 mentes,

798 131 843 165 915

862 456 942 491 117.

862 878 941 913 118.

861 1298 941 1333 119.

859 1720 940 1754 120.

858 2143 938 2179 121.

972 230 1046 264 Duc
1071 231 1105 263 in
1132 232 1242 264 caulas
1269 230 1420 270 caelicas,

1021 280 1156 321 Precor,
1183 288 1293 313 omnes
1316 281 1429 321 gentes

973 328 1048 361 Tibi
1073 328 1189 362 laudes
1216 328 1344 362 debitas

1019 378 1144 419 Iugiter
1169 378 1358 411 reddentes.

969 457 1051 499 Ave,
1078 457 1133 497 qui
1159 456 1301 490 iuridice

1019 504 1133 538 Laude
1158 505 1340 544 extollaris,

970 553 1054 586 Nam
1077 554 1145 587 ruis
1171 554 1339 594 angelicae

1017 602 1234 636 Restaurator
1261 601 1352 646 faris,

968 651 1014 685 Et
1040 651 1283 685 ecclesiasticae

1019 702 1101 741 Quia
1127 704 1218 734 actor
1242 700 1338 742 laris,

969 750 1098 783 Diceris
1124 750 1317 791 prophetice

1014 799 1114 841 Lapis
1140 799 1317 840 angularis,

966 878 1048 922 Ave,
1077 877 1270 917 conquisitio

1016 927 1156 960 Animae
1183 926 1359 970 credentis,

966 975 1138 1016 Mundum,
1167 984 1202 1008 se
1228 984 1300 1007 cum
1327 974 1462 1016 proprio

1018 1024 1158 1065 Propter
1184 1027 1216 1056 te
1241 1023 1438 1067 spernentis,

967 1074 1036 1106 Tuo
1065 1073 1227 1106 desiderio

1016 1122 1112 1154 Meae
1139 1121 1281 1155 claustra
1306 1122 1425 1155 mentis

969 1170 1073 1213 Reple
1100 1169 1237 1203 fractam
1265 1172 1373 1204 taedio

1016 1220 1053 1253 In
1080 1219 1210 1252 modum
1237 1220 1407 1262 torpentis,

967 1299 1051 1341 Ave,
1078 1299 1159 1339 legis
1184 1299 1309 1332 trutina

1017 1347 1097 1380 Iusti
1124 1357 1187 1388 qua
1212 1347 1384 1391 librantur,

968 1396 1022 1429 Ad
1048 1396 1129 1429 caeli
1151 1396 1327 1430 intermina

1017 1446 1077 1486 Qui
1102 1446 1400 1487 praedestinantur,

967 1493 1055 1527 vitia
1081 1495 1271 1537 extermina,

1016 1544 1145 1577 Mentes
1172 1544 1244 1585 quis
1270 1546 1459 1584 gravantur,

967 1591 1100 1634 Nosque
1124 1592 1172 1625 sic
1196 1593 1373 1625 intermina

1014 1642 1097 1682 Illis,
1125 1642 1181 1682 qui
1204 1642 1384 1684 salvantur,

967 1721 1050 1762 Ave,
1077 1721 1134 1752 lux
1161 1720 1286 1763 deifica,

1014 1770 1084 1810 Qua
1106 1769 1344 1813 illuminantur,

968 1818 1029 1858 Qui
1055 1828 1115 1860 per
1140 1819 1254 1852 mundi
1279 1820 1408 1853 lubrica

1018 1868 1181 1902 Cordibus
1209 1874 1394 1911 caecantur,

966 1918 996 1950 A
1022 1917 1140 1951 fraude
1162 1919 1352 1952 daemonica

1015 1969 1080 2001 Per
1104 1970 1137 1999 te
1161 1970 1315 2001 tueantur

965 2014 1082 2051 Laude
1106 2017 1169 2050 hac
1194 2017 1372 2059 hymnifica

1016 2066 1077 2106 Qui
1101 2069 1135 2098 te
1157 2071 1364 2100 venerantur.

966 2144 1048 2184 Ave,
1074 2153 1135 2185 per
1162 2154 1257 2187 quem
1285 2146 1402 2179 civitas

1012 2193 1076 2226 Est
1102 2197 1290 2227 constructa
1314 2195 1417 2235 pacis,

968 2240 1068 2280 Quam
1097 2245 1130 2273 et
1153 2246 1190 2275 tu
1214 2243 1391 2285 illuminas,

1013 2290 1179 2332 Splendor
1202 2292 1266 2324 Dei
1291 2293 1407 2334 patris,

965 2338 1084 2372 Servos
1109 2342 1182 2373 tuos
1208 2342 1362 2383 protegas

1013 2389 1087 2421 Alis
1113 2390 1270 2428 caritatis,

963 2436 1109 2479 Abigens
1137 2438 1296 2472 versutias

1015 2486 1130 2519 Hostis
1155 2488 1344 2528 pertinacis
