1650 2671
641 691 664 724 1.
691 690 888 723 I'saltcrium
908 689 1060 723 Primum.

667 794 983 836 Quinquagena
1009 793 1036 826 Ι.

182 881 214 915 1.
243 880 351 924 Salve,
377 882 576 924 principium

294 929 421 963 Cuncta
445 931 662 974 principiam,

244 981 427 1013 Aeternum
453 980 555 1013 filium

293 1028 422 1061 Natura
448 1038 620 1073 generanS,

242 1077 340 1110 Hunc
364 1078 399 1110 in
426 1078 629 1111 credentium

293 1126 440 1160 Salutem
468 1128 636 1161 destinans

240 1176 286 1209 Et
310 1176 371 1208 hos
397 1174 438 1209 ab
465 1176 607 1209 hostium

295 1224 441 1265 Captura,
465 1225 621 1259 liberans.

207 1331 214 1337 .
242 1303 315 1336 Tua
341 1304 391 1336 est
416 1303 506 1336 notio

290 1352 536 1385 innascibilitas

242 1401 314 1434 Nec
339 1410 404 1433 non
429 1401 559 1444 relatio,

290 1451 380 1491 Quae
408 1453 458 1483 est
482 1450 677 1496 paternitas,

242 1499 488 1540 Omnipotentia

290 1548 362 1581 Tua
386 1550 585 1592 proprietas,

242 1597 335 1631 Sicut
360 1600 411 1630 est
436 1598 575 1639 propria

290 1647 378 1679 Filio
404 1648 538 1682 veritas,

208 1753 215 1760 .
245 1727 271 1761 Ο
299 1726 464 1767 sapientia

289 1775 353 1808 Dei
378 1776 552 1821 mirabilis,

241 1825 367 1859 Mentis
392 1825 558 1858 industria

289 1874 590 1918 Inperscrutabilis,

244 1924 337 1958 Pelle
361 1924 533 1957 tristitiam

290 1972 385 2006 Servi
412 1974 597 2018 plorabilis,

239 2023 340 2064 Quem
369 2026 507 2064 gravant
531 2024 621 2068 vitia,

289 2073 391 2107 Satan
419 2082 489 2107 cum
517 2072 664 2107 aemulis.

178 2157 211 2189 4.
241 2154 266 2188 O
293 2153 403 2186 lumen
432 2153 602 2194 caechm,

287 2203 464 2236 Descende
488 2211 643 2244 propere,

238 2253 384 2287 Tuomm
410 2252 597 2295 supplicum

284 2301 417 2336 Mentes
442 2302 598 2345 invisere,

240 2353 424 2394 Quaeamus
446 2351 600 2385 melicum

288 2401 337 2436 Ut
363 2410 496 2435 carmen
520 2410 674 2443 promere

233 2453 369 2487 Patrem
397 2453 429 2484 et
454 2451 597 2495 unicum,

283 2501 332 2535 Te
358 2509 487 2544 quoque
514 2501 631 2534 colere.

891 883 924 917 5.
955 883 1056 914 Amor
1080 880 1283 924 suavissime,

1004 929 1209 971 Coniungens
1233 928 1339 962 filium

955 979 1047 1013 Patri
1074 977 1254 1012 fortissime

1003 1028 1066 1061 Per
1092 1030 1184 1060 tuum
1208 1026 1389 1068 vinculum,

954 1078 1021 1111 Des
1048 1077 1300 1109 clementissime

1003 1126 1067 1159 Tui
1090 1126 1292 1169 incendium,

953 1177 1021 1217 Quo
1045 1184 1151 1208 amem
1170 1175 1287 1208 intime

1003 1224 1052 1257 Te
1078 1227 1177 1266 atque
1202 1223 1398 1266 proximum.

919 1330 926 1337 .
955 1304 1025 1337 Pax
1053 1302 1268 1342 divinissima,

1003 1351 1093 1385 Caeli
1121 1361 1193 1384 cum
1215 1351 1345 1396 incolis,

955 1400 1110 1435 Gaudent
1135 1411 1199 1443 qua
1223 1399 1337 1435 infima

1003 1450 1137 1490 Quoque
1158 1459 1231 1483 cum
1257 1452 1388 1491 accolis,

952 1499 1032 1532 Mea
1056 1502 1090 1531 te
1115 1500 1224 1533 anima

1001 1548 1050 1582 Ob
1079 1550 1209 1590 culpam
1233 1547 1354 1583 flebilis

953 1598 1043 1632 Petit,
1067 1608 1128 1640 pro
1153 1598 1270 1640 gratia,

1001 1647 1049 1681 Ut
1075 1647 1119 1680 sit
1144 1647 1305 1681 amabilis.

917 1753 923 1760 .
953 1727 978 1760 O
1006 1735 1132 1759 summa
1158 1726 1290 1759 trinitas

1001 1776 1040 1809 In
1068 1776 1193 1809 cunctis
1221 1774 1403 1816 dominans,

952 1825 1071 1859 Omnes
1099 1825 1257 1859 essentias

1001 1872 1156 1908 Perfecte
1181 1875 1349 1919 ordinans,

950 1924 1092 1957 Nostras
1118 1924 1268 1957 miserias

1001 1973 1085 2007 Esto
1111 1973 1325 2007 considerans

951 2023 998 2057 Et
1021 2023 1126 2057 hostis
1151 2022 1254 2056 furias

1002 2072 1123 2106 Procul
1151 2072 1385 2108 exterminans

918 2178 925 2185 .
954 2150 1103 2185 Causalis
1132 2152 1286 2196 omnium,

1001 2201 1071 2235 Ens
1098 2212 1118 2236 o
1143 2202 1322 2244 laudabile,

950 2251 1087 2293 Linguis
1114 2252 1294 2285 viventium

1001 2302 1273 2344 Inexpressibile,

953 2350 1070 2385 Choris
1098 2352 1288 2385 caelestium

1003 2399 1263 2442 Superamabile,

948 2450 1057 2483 Menti
1083 2449 1232 2484 fidelium

1001 2499 1067 2533 Sed
1095 2500 1302 2534 admirabile.
