1650 2671
623 688 660 721 ΙΙ.
691 688 888 720 Psalterium
907 687 1093 719 secundum.

671 779 988 821 Quinquagena
1017 780 1045 814 1.

191 867 222 902 1.
251 868 417 901 Summum
443 869 641 909 principium
897 871 929 901 5.
958 869 983 902 O
1010 877 1137 901 summa
1161 868 1285 901 veritas

299 918 410 951 Omnis
437 918 603 960 principii,
1007 918 1059 950 Ae
1084 916 1258 951 ineffabilis*

250 967 333 999 Iusti
358 967 515 1000 iudicium

297 1017 409 1057 Agens
437 1019 470 1048 et
493 1016 595 1058 impii⁷

247 1064 387 1098 Praesta
411 1074 471 1107 per
496 1064 599 1097 filium

298 1114 429 1148 Donum
456 1115 594 1158 consilii,

250 1163 378 1196 Bonum
404 1163 533 1196 initium

299 1212 423 1254 Hymni
449 1213 569 1246 eximii.

218 1318 226 1325 .
252 1291 413 1332 Supreme
435 1291 586 1324 eonditor

298 1341 464 1374 Bonorum
488 1341 641 1383 omnium,

252 1389 351 1423 Cuius
377 1389 552 1422 subordior

296 1439 376 1471 Fari
398 1439 620 1481 praeconium,

247 1489 394 1532 Praesta,
421 1490 456 1520 te
483 1488 652 1528 deprecor,

298 1538 364 1570 Per
389 1542 480 1570 tuum
506 1536 609 1570 filium

250 1587 367 1628 Huius,
395 1587 482 1629 quod
508 1587 635 1629 molior,

297 1636 394 1669 Felix
419 1636 630 1678 principium.

186 1717 217 1748 ὓ.
248 1716 273 1749 Ο
303 1715 473 1758 diligibilis

293 1765 415 1799 Divina
438 1765 579 1805 bonitas,

244 1814 535 1856 Inperscrutabilis

295 1864 395 1898 Cuius
422 1867 472 1897 est
499 1865 615 1906 deitas,

243 1914 275 1946 A
301 1914 366 1946 tuis
392 1913 524 1947 famulis

295 1962 365 1996 Tua
391 1964 576 2005 benignitas

245 2013 355 2046 Pellat
380 2012 513 2046 odibilis

294 2062 409 2096 Hostis
436 2063 607 2098 versutiae.

209 2169 216 2177 .
244 2142 526 2176 Incommutabilis

294 2192 339 2225 Et,
366 2193 456 2226 clara
481 2193 616 2237 veritas,

242 2244 313 2284 Qua
338 2251 444 2276 noxae
469 2240 589 2275 flebilis

290 2291 453 2325 Abscedit
478 2290 619 2337 falsitas,

243 2341 342 2375 Meae
369 2341 544 2384 culpabilis

294 2391 390 2425 Vitae
415 2391 592 2433 obliquitas

241 2441 393 2476 Ducatur
418 2441 541 2483 regulis

294 2491 394 2533 Legis
419 2490 462 2524 ad
488 2491 633 2527 semitas.

957 967 1003 1000 Et
1030 967 1120 999 clara
1144 966 1272 1006 puritas

1004 1015 1301 1057 Imperturbabilis‚

955 1065 1105 1099 Recedat
1129 1065 1277 1105 pravitas

1006 1115 1070 1147 Per
1095 1117 1129 1147 ‘ce
1156 1114 1362 1154 damnabilis,

959 1164 1060 1204 Quam
1088 1163 1178 1197 cudit
1205 1163 1343 1196 Satanas

1008 1213 1088 1247 Cum
1112 1213 1179 1245 suis
1205 1211 1347 1247 famulis.

910 1295 929 1325 '.
957 1293 982 1326 O
1011 1292 1186 1325 delectatio

1006 1342 1162 1381 Quietans
1190 1343 1297 1374 omnia

957 1390 1022 1423 Hic
1046 1391 1081 1423 in
1108 1390 1205 1423 exilio

1004 1440 1075 1472 Nec
1100 1448 1163 1472 non
1190 1440 1221 1472 in
1249 1441 1367 1481 patria,

956 1489 1080 1530 Culpae
1106 1490 1273 1530 corruptio

1004 1539 1061 1571 Me
1086 1538 1208 1580 premit,
1233 1543 1336 1580 varia,

957 1588 1056 1622 Cuius
1082 1588 1208 1621 sanatio

1004 1638 1076 1670 Tua
1100 1637 1144 1670 sit
1169 1638 1285 1678 gratia.

920 1743 927 1750 .
956 1717 981 1751 O
1009 1717 1238 1758 potentis-ime

1005 1768 1144 1801 Creator
1170 1767 1292 1799 entium

955 1818 1000 1850 Et
1024 1817 1248 1858 superoptime

1001 1866 1175 1907 Inspeotor
1202 1867 1360 1908 cordium,

953 1916 1051 1949 Meae
1076 1916 1121 1949 sis
1147 1916 1275 1949 animae

1004 1966 1044 1999 In
1069 1965 1270 1999 adiutorium

954 2015 999 2048 Et
1024 2016 1111 2048 vires
1141 2015 1290 2056 deprime

1001 2065 1059 2098 Me
1084 2066 1359 2108 persequentium.

919 2172 926 2179 .
954 2144 1081 2178 Nomen
1107 2143 1268 2185 deificum,

1002 2194 1132 2239 Nomen
1156 2194 1320 2238 mirabile,

957 2243 1029 2277 Neo
1054 2254 1114 2285 per
1140 2244 1327 2285 theologum

1005 2293 1206 2335 Quemquam
1232 2293 1371 2336 effabile,

954 2343 1051 2377 Licet,
1074 2343 1286 2385 incognitum,

1003 2393 1127 2427 Tamen
1153 2393 1294 2426 amabile

951 2445 1018 2477 Per
1042 2442 1157 2476 mundi
1182 2443 1340 2476 ambitum

1004 2493 1050 2526 Et
1074 2492 1310 2534 praedicabile.
