1650 2671
242 225 300 260 91.
327 226 409 267 Ave,
435 224 609 258 ineffabilis

374 273 544 315 Gignentis
571 275 710 316 agalma,

323 323 423 364 Virgo
451 333 545 365 quem
572 324 722 358 amabilis

371 373 507 414 Peperit
536 377 568 405 et
594 374 690 418 alma,

320 422 377 455 Me
403 431 525 455 corona
548 420 693 455 flosculis

369 470 421 503 De
448 472 607 505 virtutum
632 472 743 513 palma

321 520 461 562 Ducque
487 530 560 554 cum
586 521 723 554 oviculis

374 569 464 603 Caeli
490 571 533 603 ad
557 571 696 612 agalma.

237 630 293 663 92.
321 630 406 671 Ave,
432 627 491 662 flos
517 630 692 663 Iesseicam

371 679 539 721 Virgulam
564 687 682 711 ornare

321 727 444 760 Volens
471 731 504 760 et
529 728 694 761 Iudaicam

371 776 514 817 Stirpem
541 777 695 820 exaltare,

320 825 456 858 Farram
485 826 702 865 pharisaicam

373 875 459 906 Velis
486 883 678 915 expurgare,

321 923 410 962 Quae
436 923 566 963 plebem
593 923 810 956 chatholicam

369 971 521 1005 Cernitur
547 971 691 1006 foedare.

234 1032 292 1065 93.
321 1032 404 1073 Ave,
430 1031 594 1071 sapientia

366 1080 439 1112 Iesu
465 1080 581 1112 summi
606 1079 680 1119 Dei,

317 1128 446 1161 Tenens
472 1129 506 1160 in
533 1129 651 1161 notitia

366 1177 504 1210 Formas
530 1178 634 1209 omnis
661 1178 719 1219 rei,

318 1226 343 1260 Ο
370 1235 443 1260 mea
469 1225 599 1269 fiducia,

364 1275 518 1309 Misereri
545 1276 617 1320 mei,

315 1325 497 1358 Removens
523 1323 648 1366 flagitia

366 1373 484 1407 Gravis
509 1383 635 1415 poenae
660 1375 718 1408 rei.

230 1434 286 1467 94.
313 1434 397 1472 Ave,
426 1433 662 1465 lucidissimum

363 1481 482 1514 Mundi
508 1482 678 1526 luminare,

316 1530 514 1564 Caecitatem
540 1531 696 1563 mentium

363 1581 482 1613 Potens
510 1581 714 1622 propulsare,

308 1629 456 1671 Dignare
482 1639 533 1662 me
560 1629 716 1662 famulum

357 1679 461 1711 Tuum
489 1682 522 1712 te
547 1680 694 1723 laudare,

309 1728 385 1761 Tibi
402 1731 447 1761 ‚ut
471 1729 506 1761 in
532 1729 697 1761 saeculum

358 1778 481 1819 Queam
509 1787 716 1820 corregnare.

222 1838 278 1871 95.
306 1838 390 1879 Ave,
419 1846 514 1878 quem
539 1838 574 1870 in
599 1838 753 1871 laudibus:

353 1886 415 1920 His
443 1887 637 1930 categorizo,

309 1937 406 1970 Cuius
433 1946 512 1969 auro
540 1937 659 1969 clarius

356 1985 516 2026 Splendet
543 1986 599 2019 lux
626 1987 749 2029 obrizo,

305 2034 468 2068 Succurre
495 2036 635 2068 celerius

354 2085 505 2119 Peccatis
533 2086 622 2130 eliso,

307 2135 358 2167 Ne
387 2135 501 2168 tradar
527 2136 752 2180 daemonibus,

353 2185 490 2226 (Quando
517 2186 666 2227 agonizo

968 227 1025 260 96.
1053 225 1136 268 Ave,
1163 227 1220 259 lux
1236 225 1452 267 progrediens

1102 274 1201 308 Patre
1227 275 1267 307 ab
1295 277 1441 317 aeterno,

1055 323 1156 364 Quam
1183 325 1289 357 salute
1311 324 1463 366 indigens

1100 374 1129 406 A
1156 374 1290 407 remotis
1317 383 1425 415 cerno,

1053 421 1116 455 Gor
1140 431 1245 456 meum
1272 423 1457 456 caecutiens

1098 471 1173 505 Tibi
1199 482 1286 505 nune
1311 476 1496 516 prosterno,

1051 521 1098 555 Ut
1122 521 1167 554 sis
1193 522 1256 554 hoc
1281 521 1430 554 reficiens

1098 569 1236 603 Lumine
1262 580 1415 612 superno,

964 630 1021 663 97.
1048 629 1130 670 Ave,
1159 630 1200 662 de
1227 630 1374 671 virginea

1100 677 1206 711 Carne
1231 679 1326 711 nobis
1349 682 1455 722 natus,

1054 726 1155 759 Isaias
1179 730 1276 760 antea

1095 776 1141 809 Ut
1168 780 1217 809 est
1242 778 1453 820 protestatus,

1047 824 1199 866 Hymnus
1224 825 1288 858 iste
1315 833 1434 858 cornea

1096 873 1191 907 Tuba
1217 875 1408 907 decantatus

1048 923 1174 956 Cuncta
1195 922 1288 966 fuget
1312 924 1419 967 noxia,

1095 971 1216 1005 Deleat
1241 977 1378 1007 erratuS.

964 1031 1021 1065 98.
1048 1031 1131 1071 Ave,
1160 1032 1249 1064 cuius
1274 1031 1414 1072 pedibus

1095 1079 1186 1113 Iuste
1211 1090 1263 1113 me
1289 1080 1454 1113 substravi

1046 1130 1098 1162 Ac
1124 1130 1199 1162 totis
1227 1130 1397 1163 conatibus

1098 1177 1232 1212 Veniam
1259 1179 1381 1221 rogavi,

1046 1226 1146 1259 Malis
1169 1238 1245 1261 nam
1271 1228 1426 1270 operibus

1096 1275 1212 1310 Fidem
1237 1277 1411 1319 profanavi

1044 1325 1163 1367 Sicque
1188 1328 1291 1359 sacris
1317 1326 1443 1369 legibus

1093 1375 1172 1409 Tuis
1198 1376 1338 1409 obviavi.

959 1435 1017 1468 99.
1045 1434 1128 1475 Ave,
1157 1436 1207 1467 cui
1231 1433 1391 1468 melliflua

1092 1483 1223 1524 Organa
1248 1485 1443 1525 hymnorum

1041 1532 1212 1566 Resonant
1239 1534 1393 1566 continua

1090 1581 1128 1614 In
1154 1592 1255 1624 regno
1282 1584 1457 1626 caelorum,

1040 1631 1107 1671 Me,
1135 1640 1264 1672 quaeso,
1294 1641 1417 1665 evacua

1091 1680 1197 1715 Sorde
1221 1682 1386 1726 vitiorum,

1038 1729 1146 1772 Digne
1172 1735 1208 1763 ut
1234 1731 1277 1764 ad
1304 1740 1427 1772 pascua

1086 1779 1267 1813 Transeam
1293 1784 1491 1816 sanctorum.

931 1840 1012 1873 100.
1040 1841 1122 1882 Ave,
1148 1841 1365 1882 unguentario,

1088 1889 1265 1922 Praestans
1291 1890 1507 1932 medicamen,

1040 1938 1238 1973 Perturbata
1264 1940 1355 1972 varie

1088 1989 1156 2027 Quo
1184 1998 1275 2021 mens
1303 1990 1491 2022 relevamen

1039 2037 1197 2080 Percipit,
1225 2048 1285 2080 per
1311 2039 1438 2080 gratiae

1086 2087 1176 2120 Tuae
1204 2089 1409 2121 consolamen

1036 2136 1164 2170 Munda
1189 2147 1241 2170 me
1267 2148 1287 2171 a
1314 2138 1401 2171 carie

1087 2186 1259 2223 Vitiorum.
1311 2189 1428 2221 Amen.

678 2274 996 2316 Quinquagena
1027 2274 1091 2308 ΙΙΙ.

216 2343 298 2377 101.
324 2343 408 2385 Ave,
435 2344 510 2377 Iesu
537 2344 680 2378 omnium

378 2393 544 2427 Bonorum
577 2395 678 2436 origo,

326 2443 425 2477 Cuius
452 2444 517 2477 vim
546 2444 773 2485 cognominum

381 2494 502 2526 Cautus
528 2493 701 2535 investigo,

1038 2343 1096 2376 Me
1114 2353 1220 2389 quem,
1239 2345 1314 2389 heu,
1333 2347 1559 2387 peccaminum

1090 2394 1242 2435 Inquinat
1266 2396 1365 2437 uligo,

1035 2442 1173 2486 Munda,
1200 2447 1238 2477 ut
1261 2445 1489 2486 precaminum

1087 2492 1204 2526 Verbis
1230 2497 1264 2527 te
1289 2495 1418 2536 instigo.
