1650 2671
642 138 689 143 ,-
741 114 810 153 10¹3
865 135 907 140 .-

153 225 211 258 87.
225 225 309 263 Axe,
337 222 422 262 Iesu,
450 219 540 253 cuius
566 216 734 250 almifama

229 272 298 305 Nos
324 280 343 303 a
367 271 442 302 lacu
467 267 607 301 redemit
632 264 753 306 passio,

229 321 308 363 Nos,
338 328 408 351 cum
430 316 519 350 redis

297 368 383 401 nube
407 364 634 406 flammivoma,

228 419 402 451 Beatorurn
428 415 525 455 iunge
551 409 725 444 consortio.

156 502 212 536 88.
230 501 313 535 Ave,
333 498 441 539 proles
455 495 563 529 David
584 496 617 526 et
627 491 793 533 Abrahae,

225 549 310 582 Alvo
337 548 431 578 natus
457 546 604 577 sacratae
629 540 777 581 virginis,

226 599 256 630 A
283 596 441 629 malorum
459 601 512 626 me
525 595 614 624 sorte
629 589 794 628 abstrahe,

227 646 278 679 Ne
306 646 462 685 deturper
488 640 614 675 foetore
637 637 793 672 criminis.

156 730 213 763 89.
226 731 310 771 Ave,
325 728 359 759 in
375 736 469 768 quem
481 725 630 758 fecerunt
638 724 794 763 impetum

228 778 422 811 Iudaeorum
452 782 565 807 manus
592 771 783 813 sacrilegae,

228 827 489 867 Propinquorum
517 827 616 863 atque
632 820 796 854 sodalium

228 875 348 912 Vitam,
370 882 497 914 precor,
517 880 660 903 meorum
680 869 794 909 dirige.

167 960 222 992 90.
237 959 320 998 Ave,
347 957 432 994 Iesu,
461 954 516 996 qui
540 957 574 986 te
590 951 801 994 precantibus

234 1006 371 1047 Semper
398 1005 538 1036 clemens

303 1058 453 1096 praestas
480 1051 635 1095 subsidia,

234 1103 288 1136 Ab
321 1103 384 1135 hac
408 1102 477 1135 vita
501 1100 594 1132 nobis
619 1097 802 1131 meantibus

232 1151 432 1193 Angelorum
459 1151 552 1182 mitte
577 1148 709 1181 solacia.

166 1236 221 1269 91.
235 1236 317 1274 Ave,
345 1237 435 1266 sator
454 1233 613 1266 bonorum
631 1230 799 1272 seminum,

236 1279 801 1324 Quibushortumplantasecclesiae,

236 1333 361 1365 Statum
378 1340 445 1363 elus
460 1328 604 1363 reforma
614 1328 800 1370 pristinum,

233 1381 391 1415 Fructum
402 1381 453 1412 illi
462 1381 635 1420 praestans
645 1376 799 1409 iustitiae.

163 1461 216 1493 92.
235 1461 317 1503 Ave,
346 1458 488 1490 civitatis
512 1457 668 1489 uranicae

232 1507 459 1549 Pulchritudo,
471 1506 519 1539 sol
530 1508 628 1546 atque
636 1504 801 1546 gaudium,

235 1558 446 1597 insurgentes
471 1556 505 1588 in
532 1563 590 1586 nos
615 1553 766 1587 bararice

229 1606 345 1639 Tuum.
372 1613 500 1648 precor,

310 1653 418 1687 frenet
442 1652 653 1694 praesidium.

159 1733 214 1767 93.
231 1733 313 1772 Ave,
340 1732 426 1774 iesu,
452 1731 552 1764 iudex
579 1730 783 1770 aequissime,

234 1782 405 1815 Ultionum
430 1780 520 1813 Deus
548 1779 603 1820 qui
629 1778 759 1820 diceris,

233 1831 330 1863 Meae
358 1830 562 1862 consolamen
591 1828 634 1860 da
659 1827 787 1860 animae

233 1879 440 1920 Sepulturam
475 1880 551 1919 post
575 1877 639 1909 mei
665 1874 801 1909 funeris.

880 215 937 247 94.
951 214 1035 252 Ave,
1062 222 1155 253 quem
1183 210 1297 243 adorat
1326 204 1484 240 ecclesiae

954 261 1065 295 Omnis
1076 263 1177 302 aetas,
1195 267 1291 290 sexus
1303 259 1335 289 et
1346 253 1500 296 dignitas,

954 310 1124 343 Gratulari
1150 311 1284 342 aeterna
1308 303 1421 345 requie

951 359 1021 391 Tua
1035 358 1129 390 nobis
1144 358 1292 398 praestet
1303 352 1499 394 benignitas⁴

882 457 1036 494 95.Ave,
1067 456 1156 487 cuius
1182 455 1253 486 laus
1278 450 1467 486 indelebilis

954 505 1079 538 Cuncta
1090 505 1185 536 durat
1196 511 1257 543 per
1271 503 1340 534 aevi
1358 499 1500 538 saecula,

952 553 1001 585 Te
1027 561 1137 595 exoro,
1163 551 1239 583 Iesu
1265 550 1427 588 amabilis,

953 601 1038 634 Mihi
1064 602 1146 633 assis
1170 601 1206 632 in
1230 599 1345 631 mortis
1373 597 1502 629 horula.

882 701 937 734 96.
954 701 1036 741 Ave,
1063 699 1148 742 Iesu,
1168 701 1282 731 nostra
1299 705 1374 738 spes
1394 696 1501 737 unica,

954 750 1077 782 Lumen
1093 756 1206 780 verum
1222 747 1263 779 de
1276 755 1355 779 vero
1367 745 1502 785 lumine,

955 798 1062 831 Laudi
1088 800 1164 829 tuae
1182 804 1234 829 me
1252 799 1355 828 totum
1375 793 1503 837 dedica,

953 848 1100 879 Mentem
1114 849 1169 879 tuo
1182 845 1315 885 replens
1330 843 1503 877 amamine.

886 948 942 982 97.
957 948 1041 985 Ave,
1070 946 1160 978 cuius
1178 952 1294 978 nomen
1313 941 1507 984 percelebre

961 996 1070 1030 Glaret
1083 1003 1141 1027 cun
1147 994 1206 1026 ctis
1215 993 1249 1024 in
1257 990 1504 1031 terraefinibus,

956 1045 1026 1078 Fac
1053 1044 1169 1077 devote
1195 1051 1248 1074 me
1272 1042 1335 1074 tibi
1360 1040 1506 1080 psallere

957 1095 1048 1127 Voce
1060 1092 1190 1133 psalmi,
1208 1091 1298 1123 tubis
1315 1089 1505 1123 ductilibus.

887 1193 943 1227 98.
958 1193 1041 1234 Ave,
1061 1191 1116 1231 qui
1135 1189 1259 1224 idcirco
1274 1198 1333 1221 nos
1347 1187 1504 1230 percutis,

958 1241 1006 1275 Ut
1023 1242 1186 1272 correctos
1206 1247 1226 1270 a
1241 1242 1347 1270 morte
1360 1237 1505 1270 redimas

959 1289 1172 1323 Absolvendo
1199 1297 1219 1319 a
1243 1287 1310 1319 suis
1340 1286 1471 1328 debitis,

959 1339 1098 1371 Nostrae
1122 1336 1249 1378 perduc

1035 1386 1078 1419 ad
1106 1387 1213 1419 caelos
1240 1386 1375 1417 animas.

888 1487 944 1520 99.
960 1487 1040 1524 Ave,
1060 1485 1146 1526 Iesu,
1164 1485 1198 1517 in
1213 1493 1308 1525 quem
1321 1483 1509 1517 haereticae

964 1535 1046 1569 Olim
1063 1537 1173 1566 sectae
1188 1533 1355 1566 latrarunt,
1366 1532 1505 1575 perfide,

958 1583 1156 1617 lubilantern
1182 1582 1243 1615 tibi
1269 1582 1484 1624 symphonice

960 1632 1118 1666 Veritatis
1145 1632 1312 1664 circumda
1338 1631 1465 1672 aegide.

861 1731 943 1765 100.
959 1732 1041 1770 Ave,
1056 1730 1141 1770 Iesu,
1158 1729 1214 1771 qui
1228 1730 1342 1762 mundi
1354 1729 1508 1762 tenebras

959 1779 1121 1820 Populisti
1147 1787 1284 1820 surgens
1313 1779 1467 1821 diluculo,

960 1827 1153 1861 Animarum
1177 1831 1302 1869 septem
1320 1827 1509 1862 mortiferas

963 1877 1173 1917 Corruptelas
1200 1875 1294 1909 aufer
1320 1887 1339 1910 a
1365 1878 1507 1911 servulo.

635 1986 949 2028 Quinquagena
973 1986 1036 2020 ΠΙ.

162 2067 180 2101 1
189 2067 244 2100 01.
260 2067 341 2107 Ave,
356 2075 448 2107 quem
461 2065 803 2106 decastisvisceribus,

258 2117 461 2149 Veneramur
485 2114 616 2148 Mariae
650 2114 804 2157 genitum,

257 2165 316 2198 Me
339 2168 469 2196 exutum
489 2164 596 2196 carnis
615 2163 806 2206 pulveribus

257 2214 312 2247 Ad
333 2222 475 2253 superna
492 2213 628 2245 sustolle
641 2212 804 2253 spiritum.

164 2313 245 2348 102.
261 2314 343 2347 Ave,
369 2311 454 2351 Iesu,
483 2310 534 2344 cui
545 2319 552 2325 ·
562 2309 764 2343 dominantia

260 2362 300 2395 In
309 2370 368 2401 sup
373 2360 459 2393 ernis
467 2359 653 2393 ministrant
660 2358 802 2402 numina,

259 2411 329 2444 Fac
346 2419 398 2442 me
417 2419 500 2451 pura
519 2417 591 2442 cum
606 2408 804 2441 conscientia

258 2460 384 2494 Laudis
408 2459 470 2492 tibi
494 2458 612 2493 offerre
637 2458 793 2492 earmina.

868 2065 949 2101 103.
964 2066 1046 2105 Ave,
1075 2065 1165 2097 cuius
1191 2066 1338 2098 serviunt,
1362 2066 1457 2098 nutui

961 2115 1078 2153 Terra,
1105 2124 1197 2146 marc
1222 2117 1321 2155 atque
1342 2115 1510 2155 caelestia,

963 2164 1021 2196 Me
1048 2165 1162 2204 coapta
1190 2166 1303 2196 sancto
1330 2164 1473 2207 spiritui,

965 2212 1062 2245 Cuius
1086 2212 1198 2246 substo
1226 2214 1472 2254 omnipoeentia.

866 2311 946 2345 104.
962 2311 1045 2351 Ave,
1072 2310 1162 2344 Deus
1180 2314 1292 2345 noster
1310 2315 1343 2345 et
1359 2312 1510 2359 Domine,

966 2360 1063 2393 Cuius
1089 2364 1167 2393 sunt
1191 2360 1225 2393 in
1251 2365 1343 2396 terra
1367 2362 1503 2406 iudicia,

963 2408 1171 2443 Confidentes
1196 2410 1231 2443 in
1255 2413 1310 2445 tuo
1337 2412 1469 2446 nomine

960 2458 1162 2500 Repleantur
1188 2460 1278 2493 omni
1300 2461 1438 2497 iustitia.
