1650 2671
197 203 254 235 42.
284 201 406 234 Lumen
432 200 608 242 invisibile,

332 250 384 283 Ab
415 254 549 284 aeterno
576 251 702 292 lucens,

282 299 330 333 Te
356 299 589 341 participabile

333 349 428 383 Omni
454 350 504 382 rei
528 348 630 390 pracb
635 358 703 388 ens,

285 399 351 432 Cor
377 399 597 432 abominabile

331 448 443 481 Meum
471 448 577 489 culpis
601 445 728 480 foetens

283 495 354 529 Fac
380 497 427 531 tui
455 497 605 539 capabile

332 546 379 580 Et
399 556 512 581 amore
537 545 680 581 fervens.

205 606 260 640 43.
287 606 377 639 Deus
403 606 615 639 aeternaliter

336 655 488 698 Magnus,
515 655 665 696 pulcher,
693 654 799 695 fortis,

289 704 456 737 Redolens
482 704 629 737 suaviter

337 753 498 786 Mentium
523 753 557 785 in
582 752 699 795 hortis,

291 802 468 836 Consolare
495 802 635 835 dulciter

336 850 406 884 Nos
431 851 465 883 in
491 851 575 884 hora
600 851 726 894 mortis,

287 900 427 934 Faciens
454 898 596 933 feliciter

333 948 421 982 Fore
445 952 521 982 tuae
546 948 656 987 sortis,

201 1009 257 1042 44.
288 1009 313 1043 O
336 1007 509 1049 pulchrum
538 1006 774 1048 pulehrificans

333 1057 473 1090 Formas
499 1057 684 1098 specierum

285 1107 430 1148 illasque
456 1105 649 1147 specificans

334 1155 432 1188 Mora
456 1165 516 1188 sex
544 1155 680 1198 dierum,

285 1205 367 1238 Esto
392 1213 445 1237 me
470 1203 655 1237 rectificans

337 1254 402 1286 Per
427 1262 569 1287 amorem
597 1262 720 1297 verum⁷

286 1303 338 1336 Ne
363 1312 424 1344 per
449 1306 557 1335 actum
585 1302 750 1343 cespitans

334 1351 453 1385 Eri-em
478 1352 688 1385 insincerum.

198 1413 257 1446 45.
286 1411 311 1445 O
340 1411 445 1443 virtus
471 1410 643 1455 mirabilis,

336 1460 452 1493 Virtus
478 1457 616 1501 infinita,

286 1509 391 1543 Nobis
417 1508 593 1542 invisibilis

335 1559 480 1591 Exstans
507 1559 541 1591 in
566 1559 630 1592 hac
654 1559 732 1600 vita,

285 1608 476 1642 Laudantes
504 1611 536 1640 te
563 1608 666 1641 titulis

333 1657 449 1691 Mente
476 1658 633 1699 expedita

283 1709 320 1741 In
348 1706 414 1740 fine
440 1715 512 1739 cum
539 1707 664 1749 angelis

333 1757 389 1790 Ad
417 1756 524 1789 caelos
550 1757 665 1791 invita.

200 1817 257 1852 46.
285 1815 365 1851 Iesu
391 1815 596 1850 admirabilis

334 1866 613 1907 Unipersonatus‚

285 1915 352 1950 Sed
380 1914 506 1948 duobus
532 1915 672 1949 vinculis

333 1963 380 1996 Es
406 1963 625 2010 binaturatus,

833 99 976 136 43—-

904 408 962 441 47.

906 811 962 845 48.

904 1217 962 1251 49.

990 199 1061 233 Nec
1086 197 1357 240 multiplicabilis,

1036 248 1346 287 Trisubstantiatus,

991 299 1038 332 Te
1063 298 1178 332 laudat
1205 306 1275 329 cum
1304 295 1431 337 angelis

1036 347 1157 381 Mundi
1182 346 1400 388 principatus.

993 407 1167 441 Praeclara
1195 405 1360 447 divinitas,

1039 456 1173 490 Cunctis
1197 454 1424 497 praedicanda

990 508 1041 540 Ac
1066 515 1127 547 per
1151 504 1267 538 laudes
1295 503 1422 537 debitas

1039 555 1177 595 Semper
1202 553 1401 594 veneranda,
1458 564 1461 567 ·

995 604 1060 638 Sed
1086 608 1144 636 tua
1168 602 1313 636 infinitas

1039 653 1144 686 Nobis
1169 652 1367 686 admiranda

991 702 1065 736 Non
1091 711 1151 743 per
1176 704 1264 735 artes
1291 701 1417 742 aliquas

1038 751 1102 784 Est
1124 750 1365 792 investiganda.

993 809 1144 844 Gloriosa
1169 809 1312 849 trinitas

1039 860 1193 902 Regnaus
1220 859 1261 892 ab
1288 861 1433 900 aeterno,

990 909 1066 943 Tibi
1092 918 1191 950 agens
1218 909 1341 950 gratias

1037 959 1152 991 Mente
1175 966 1228 990 me
1252 961 1437 998 prosterne,

990 1010 1132 1049 Propter
1158 1010 1192 1040 te
1219 1006 1353 1039 delicias

1038 1057 1145 1090 Huius
1170 1057 1285 1089 mundi
1310 1064 1431 1096 sperno

989 1106 1036 1140 Et
1062 1109 1098 1139 tu
1145 1115 1198 1139 me
1225 1105 1389 1139 custodias

1037 1155 1175 1196 Semper
1200 1154 1240 1188 ab
1265 1152 1406 1188 inferno.

991 1216 1016 1250 O
1045 1214 1207 1248 deificatio

1038 1262 1283 1306 Defficatorum,

990 1315 1015 1349 O
1042 1323 1167 1346 summa
1193 1312 1392 1354 simplicitas

1039 1361 1339 1405 Simplificatorum,

990 1413 1040 1446 Tu
1066 1421 1146 1445 vera
1170 1412 1273 1444 unitio

1038 1462 1114 1494 Tibi
1140 1462 1316 1504 unitorum,

992 1512 1089 1546 Certa
1116 1510 1276 1544 revelatio

1040 1560 1090 1593 Tu
1117 1568 1151 1592 es
1177 1560 1389 1593 occultorum.

990 1620 1083 1654 Finis
1110 1623 1143 1653 et
1166 1619 1364 1661 principium

1039 1668 1129 1702 Deus
1156 1668 1260 1702 omnis
1286 1668 1345 1711 rei,

989 1718 1071 1752 Eius
1095 1719 1305 1751 seminarium

1041 1767 1133 1801 Dans
1159 1766 1281 1809 effigiei

992 1819 1040 1851 Te
1066 1827 1126 1859 per
1152 1818 1370 1859 patrocinium

1040 1867 1132 1909 Rogo
1155 1867 1270 1899 matris
1297 1867 1371 1909 Dei,

990 1917 1155 1958 Plangens
1181 1916 1288 1949 scelus
1312 1917 1457 1949 varium:

1039 1966 1201 1999 Miserere
1223 1966 1297 2000 mei.

670 2055 985 2099 Quinquagena
1009 2056 1055 2091 Π.

197 2124 254 2159 51.
284 2124 309 2158 O
338 2123 416 2157 diva
442 2124 594 2165 essentia,

333 2173 465 2207 Summe
490 2173 676 2215 singularis,

283 2223 373 2265 Quae
398 2223 637 2265 omnipotentia

331 2274 423 2308 Iuste
444 2274 608 2319 gloriaris,

281 2323 386 2357 Nobis
414 2333 454 2357 ex
486 2323 659 2357 clementia

330 2373 428 2408 Dona
453 2372 618 2416 largiaris,

281 2425 464 2458 Pravorum
491 2423 618 2457 malitia

330 2473 420 2515 Quae
446 2472 666 2509 exacerbariS.

907 2126 964 2161 52.

991 2126 1066 2159 Lm„
1094 2126 1136 2160 de
1160 2127 1233 2160 luce
1260 2127 1416 2168 prodiens

1040 2176 1079 2209 In
1105 2176 1311 2220 aeternitate,

994 2225 1111 2260 Creata
1139 2226 1300 2260 circuiens

1040 2275 1113 2309 Tua
1139 2276 1300 2319 claritate5

989 2325 1072 2359 Esto
1098 2334 1151 2358 me
1177 2326 1331 2359 erudiens

1041 2375 1113 2408 Tua
1138 2375 1273 2417 pietate,

993 2425 1043 2457 Ne
1069 2423 1177 2457 factus
1201 2425 1360 2467 insipiens

1042 2471 1157 2518 Gulpis
1185 2474 1301 2509 cadam
1327 2483 1347 2506 a
1372 2476 1414 2507 te.
