1650 2671
126 218 159 252 4.
187 220 270 261 Ave,
299 218 501 263 viridarium,

234 268 326 309 Quod
352 278 414 310 per
438 268 502 302 Dei
528 279 657 304 manum

185 317 298 351 Satum
324 317 454 359 profers
481 319 627 352 triticum

233 367 278 400 Et
304 367 428 409 sinapis
454 377 602 410 granum,

184 417 249 450 Per
274 417 375 449 istum
398 416 608 458 hymnarium

230 465 299 498 Fac
323 475 377 498 me
400 470 508 500 mente
533 477 666 509 sanum,2

180 515 234 548 Ne
258 524 399 558 unquam
426 516 459 549 in
486 519 653 558 posterum

232 564 402 598 Declinem
430 566 462 598 in
489 574 617 601 vanum.

125 645 156 677 5.
184 645 268 687 Ave,
295 644 484 678 venerabile

230 692 369 737 Nomen,
398 702 417 727 o
442 694 560 738 Maria,

183 741 290 783 Saepe
314 741 467 775 iterabile

230 791 364 825 Miseris
390 792 424 824 in
451 792 513 832 via,

182 840 233 873 Sis
258 840 514 883 inexpugnabile

228 888 361 922 scutum
388 888 477 930 mihi,
506 889 571 932 pia,

177 938 279 978 Quam
306 936 451 971 laudabo
475 937 590 970 sedule

227 986 300 1020 Hae
323 986 356 1019 in
383 986 571 1028 hymnodia.

118 1067 149 1100 6.
177 1065 260 1104 Ave,
288 1075 306 1098 o
332 1074 498 1107 puerpera

232 1113 379 1156 Gignens
405 1115 502 1147 modo
527 1115 621 1156 mim,

183 1163 268 1197 Nam
296 1165 417 1196 virtute
441 1172 561 1205 supera

230 1212 325 1256 Feta,
353 1223 417 1246 non
444 1221 485 1246 ex
511 1213 592 1257 viro,

180 1262 304 1296 Iudicis
329 1271 382 1294 me
409 1261 514 1296 libera

228 1312 261 1345 A
289 1310 399 1344 furore
426 1311 498 1345 diro

176 1360 221 1393 Et
247 1360 388 1393 adversa
412 1362 560 1402 tempera

222 1409 366 1444 ,Gratiae
391 1410 520 1450 butyro.

124 1491 157 1524 7.
183 1489 266 1526 Ave,
294 1489 360 1532 lux,
390 1498 485 1530 quam
511 1489 617 1523 edidit

229 1539 380 1572 Omnium
408 1542 547 1582 creator,

178 1587 229 1620 De
255 1597 319 1628 qua
345 1588 505 1628 splendor
531 1588 613 1621 exiit

227 1637 322 1670 Adae
347 1641 531 1680 reparator,

179 1686 302 1728 Stipem
330 1689 447 1728 petens
471 1686 556 1720 adiit

226 1736 273 1769 Te
300 1739 374 1769 tuus
398 1737 564 1776 laudator,

178 1785 311 1818 Fraude
337 1794 431 1825 quem
457 1785 600 1827 impetiit

230 1835 354 1875 Impius
382 1837 571 1874 temptator.

182 1914 265 1956 Ave,
294 1922 377 1955 quae
403 1912 443 1946 ab
472 1913 621 1946 omnibus

232 1964 336 1997 Recte
360 1963 525 1996 invocaris

183 2013 221 2046 In
248 2011 511 2055 necessitatibus,

231 2061 317 2096 Nam
343 2071 377 2094 es
402 2062 501 2095 stella
527 2061 636 2102 mariS,

181 2112 229 2146 Te
257 2112 419 2153 deprecor
444 2111 602 2145 attentius

232 2161 313 2197 Odis
340 2161 392 2195 his
415 2161 608 2203 praeclaris,

181 2213 338 2246 Potenter
363 2211 405 2244 ab
432 2210 581 2244 hostibus

229 2262 274 2296 Ut
297 2270 350 2294 me
376 2261 510 2295 tuearis.

179 2342 262 2383 Ave,
293 2341 407 2374 domus
433 2349 615 2383 pauperum

228 2390 333 2425 Plena
357 2390 483 2424 cunctis
509 2391 614 2433 bonis,

180 2440 305 2474 Domus
332 2438 524 2482 fugientium

229 2490 275 2524 Et
299 2489 526 2531 protectionis,

664 142 707 146 ——
761 119 829 157 197

826 868 883 903 11.

824 1293 880 1326 12.

824 1717 881 1752 13.

828 2142 885 2176 14.

830 450 885 485 10.

911 221 1055 256 Auferas
1082 221 1244 256 obsidium

962 272 1094 306 Tartari
1121 272 1283 312 draconis,

912 320 1016 355 Nobis
1043 322 1125 354 dans
1150 319 1352 362 praesidium

962 370 1211 404 Consolationis.

913 449 994 494 Ave,
1022 448 1109 482 sacri
1134 448 1317 489 pneumatis

960 499 1132 539 Templum
1157 498 1332 538 singulare,

912 547 1040 581 Tenens
1066 546 1265 588 tymiamatis

961 597 1107 629 Aureum
1134 596 1249 635 altare,

912 645 1066 687 Digneris
1093 643 1298 677 charismatis

959 693 1063 726 Donis
1091 702 1143 726 me
1167 693 1336 733 mundare,

912 743 1044 775 Valeam
1073 745 1109 774 ut
1136 741 1256 774 debitis

959 790 1039 823 Odis
1062 793 1095 822 te
1120 789 1268 824 laudare.

910 870 991 906 Ave,
1020 868 1111 911 virgo
1138 866 1348 908 splendidum

956 917 1075 950 Mundi
1101 916 1271 959 luminare,

908 966 1054 1010 Terram,
1084 966 1203 1005 caelos,
1230 964 1369 998 inferum

959 1017 1076 1049 Potens
1102 1014 1280 1057 illustrare,

909 1066 1026 1098 Pectus
1052 1073 1159 1097 meum
1185 1063 1370 1105 squalidum

957 1113 1114 1156 Digneris
1140 1122 1284 1154 purgare

909 1163 955 1197 Et
979 1166 1153 1204 purgatum
1179 1162 1368 1204 septuplum

959 1213 1079 1246 Purum
1107 1220 1312 1245 conservare.

910 1294 993 1332 Ave,
1021 1300 1039 1323 o
1064 1290 1250 1323 vehiculum

957 1341 1025 1373 Aut
1050 1340 1132 1372 lucis
1160 1339 1315 1384 fenestra,

910 1391 1000 1430 Quae
1027 1389 1163 1430 depellit
1189 1390 1381 1422 scandalum

956 1437 1147 1480 Cunctaque
1172 1438 1320 1479 molesta,

909 1490 991 1522 Iuva
1017 1492 1107 1520 tuum
1134 1486 1292 1520 famulum

958 1537 1107 1570 Stantem
1132 1537 1166 1569 in
1193 1537 1360 1578 palaestra

908 1588 960 1620 Ao
985 1589 1061 1629 post
1085 1586 1170 1620 illud
1196 1587 1362 1620 saeculum

957 1637 1010 1670 Ab
1036 1636 1153 1670 hoedis
1178 1639 1360 1677 sequestra.

909 1718 992 1754 Ate,
1019 1716 1128 1748 lumen
1155 1715 1280 1756 gratiae

959 1764 1273 1799 Communicativum

910 1815 1088 1856 Omnisque
1112 1814 1260 1847 malitiae

959 1863 1062 1897 Plene
1087 1863 1303 1907 expulsivum,

912 1912 1052 1946 Divinae
1079 1912 1274 1946 elementiae

962 1962 1080 1995 Funde
1104 1962 1184 1995 mihi
1211 1962 1315 1996 rivum

914 2011 1051 2045 Salvans
1078 2021 1130 2045 me
1157 2012 1278 2045 cotidie

960 2060 1127 2094 Mortuum
1154 2064 1188 2093 et
1213 2062 1334 2097 vivum.

911 2140 995 2178 Ave,
1023 2149 1107 2182 quae
1133 2140 1318 2175 cubiculum

963 2189 1107 2223 Claustri
1135 2190 1304 2232 virginalis

911 2239 1010 2273 Facis
1035 2238 1260 2274 habitaculum

962 2288 1076 2322 Carnis
1102 2288 1223 2333 filialis,

912 2337 992 2371 Tuis
1019 2342 1109 2372 tuum
1136 2337 1292 2374 famulum

962 2387 1047 2421 Tuta
1072 2398 1124 2422 me
1150 2389 1208 2423 sub
1236 2390 1309 2431 alis,

912 2437 964 2471 Ne
988 2437 1153 2472 incurram
1179 2440 1370 2474 scandalum

963 2487 1087 2530 Culpae
1114 2489 1305 2526 criminalis.
