1650 2671
618 140 663 145 —
717 120 885 156 236—

83 218 149 252 143
156 243 163 251 .
178 214 306 260 Gaude,
317 221 421 252 mater
429 218 552 252 Christi
561 217 716 262 fidelium,

173 266 269 300 Salus
294 268 338 301 ad
364 271 396 300 te
423 266 686 309 confugientium,

178 315 312 349 Grande
336 316 439 349 instat

244 368 357 398 contra
383 374 441 398 nos
465 365 636 406 proelium,

175 413 279 446 Tuum
290 413 382 447 nobis
393 414 515 456 praebe
526 414 717 449 subsidium.

79 492 161 526 144.
178 491 304 532 Gaude,
332 492 487 525 virtutum

248 541 502 582 receptaculum,

177 590 348 624 Castitatis
374 590 512 632 politum
538 591 717 632 speculum,

175 639 225 672 Tu
252 648 323 672 cum
350 639 443 680 prole

250 697 389 730 regnans
414 688 447 720 in
476 688 651 730 saeculum,

176 737 267 770 Caeli
293 736 388 770 nobis
414 737 558 779 impetra
576 737 716 771 titulum.

82 815 164 850 145.
179 815 304 856 Gaude,
332 825 464 857 germen

250 864 365 906 stirpis
390 865 573 898 Davidicae

177 913 228 946 Ac
251 913 420 955 impletrix
443 913 525 955 legis
541 914 718 957 Mosaicae,

178 963 235 995 Me
251 962 413 1004 pupillum
427 962 567 1003 benigne
582 964 714 1004 respice,

178 1011 278 1051 Quam
304 1014 379 1053 post
403 1011 508 1044 Deum

248 1060 397 1093 collaudo
424 1060 529 1093 unice.

82 1137 161 1172 146.
179 1138 302 1182 Gaude,
330 1140 441 1179 proles

249 1186 358 1220 David
385 1187 624 1228 symphonidis,

178 1235 371 1269 Collaudata
398 1236 479 1269 caeli
498 1236 718 1276 cytharoedis,

180 1284 290 1317 Servis
317 1285 380 1317 tuis
407 1294 542 1318 occurre
568 1285 702 1320 timidis,

174 1332 718 1368 Hostibusneturbenturrancidis.

780 219 862 254 147.
877 220 1002 263 Gaude,
1031 221 1109 254 Sion
1135 229 1298 263 supernae
1321 219 1404 259 filia,

878 268 936 302 Cui
963 269 1071 310 nullus
1097 279 1158 310 par
1184 271 1283 303 estin
1303 268 1420 312 gloria,

874 317 944 351 Nos
971 318 1134 352 caelorum
1153 318 1317 352 frumento
1337 318 1423 351 satia

875 366 926 399 Ac
953 365 1101 400 conforta
1127 368 1227 401 corda
1255 367 1387 402 debilia.

781 443 860 478 148.
878 444 1003 489 Gaude,
1032 445 1132 489 virgo,
1154 446 1210 479 lux
1226 445 1419 480 indeficiens

875 493 991 533 Tuque
1007 493 1085 527 luna
1103 495 1241 535 eclipsin
1259 495 1419 536 nesciens,

877 541 932 575 Sol
960 542 1001 575 do
1028 542 1126 575 caelis

950 593 1071 624 terram
1096 590 1313 634 prospicienS,

876 639 928 672 Sis
954 641 1081 680 peccati
1106 640 1209 673 nubes
1230 639 1422 673 demoliens.

781 718 864 753 149.
881 718 1007 761 Gaude,
1035 719 1127 761 virgo

952 776 1069 809 regens
1097 767 1264 808 caelestia,

878 817 980 857 Quam
1006 817 1169 850 honorans

951 865 1055 899 omnis
1081 864 1221 899 ecclesia

876 914 954 947 Tibi
979 915 1096 947 sternit
1122 914 1180 955 pia
1204 913 1326 956 officia,

877 963 1036 996 Transfer
1053 973 1111 996 nos
1128 965 1171 997 ad
1187 963 1270 996 caeli
1285 962 1421 1004 palatia.

781 1042 862 1075 150.
880 1040 1004 1083 Gaude,
1033 1041 1125 1083 virgo

950 1090 1113 1131 promissa
1139 1090 1286 1134 caelitus,

880 1138 939 1172 Cui
964 1139 1105 1172 mundus

955 1191 1006 1220 est,
1030 1187 1135 1221 omnis
1162 1186 1323 1231 subditus,

878 1236 927 1269 Te
953 1237 1121 1270 collaudat

950 1294 1036 1318 nunc
1062 1284 1167 1318 omnis
1193 1284 1339 1328 spiritus,

878 1334 967 1368 Caeli
995 1343 1054 1375 per
1080 1337 1112 1367 te
1139 1335 1251 1374 pateat
1277 1332 1397 1367 aditus.

629 1422 877 1456 Conclusio.

82 1490 162 1524 151.
179 1491 203 1524 O
229 1489 347 1529 Maria,
376 1490 490 1531 regina
514 1489 642 1531 gloriae,

178 1540 389 1572 Peccatorum
416 1539 573 1580 pincerna
595 1543 717 1582 veniae,

177 1587 403 1629 Supplicamus
429 1588 552 1621 turbati
580 1588 680 1631 varie,

177 1635 234 1669 Uti
258 1637 352 1669 nobis
378 1645 549 1670 succurras
577 1637 684 1671 hodie.

83 1714 163 1748 152.
179 1714 204 1747 Ο
231 1714 348 1748 Maria.

249 1773 373 1796 morum
399 1765 620 1805 spectaculum

175 1814 227 1847 Ac
251 1818 403 1846 aeternae

250 1862 364 1895 salutis
392 1863 571 1907 speculum,

178 1912 390 1944 Peccatorum
417 1915 485 1945 esto
512 1912 675 1952 piaculum

177 1962 287 2001 Atque
310 1960 502 1994 miserorum

250 2008 432 2044 latibulum.

779 1491 860 1525 153.
876 1491 902 1524 Ο
928 1491 1047 1531 Maria,
1077 1489 1167 1523 cuius
1194 1491 1352 1533 preconia

880 1539 991 1573 Omnis
1012 1540 1152 1573 laudans

950 1588 1074 1629 promit
1099 1588 1268 1632 ecclesiae,

876 1637 999 1670 Mentis
1026 1640 1156 1671 nostrae
1175 1638 1329 1679 absterge
1347 1637 1428 1671 vitia

874 1686 985 1728 Atque
1010 1686 1094 1719 caeli
1119 1686 1232 1720 confer
1259 1687 1393 1721 solacia.

782 1765 861 1800 154.
878 1765 903 1799 O
930 1764 1051 1805 Maria,
1081 1765 1223 1799 dulcedo
1252 1766 1412 1809 cordium,

878 1814 1100 1855 Supernorum
1113 1818 1226 1847 tenens
1236 1814 1426 1856 dominium,

877 1863 966 1906 Rege
991 1866 1141 1897 nostrum

952 1912 1094 1946 clemens
1121 1913 1294 1946 arbitrium

878 1961 930 1995 Ac
957 1961 1122 1996 defunctis

951 2010 1076 2051 praebe
1102 2010 1295 2046 subsidium.

323 2089 402 2123 155.
431 2088 456 2122 O
482 2087 600 2130 Maria,
629 2087 712 2122 caeli
737 2089 944 2131 amygdalum

429 2137 496 2169 Per
522 2137 666 2171 divinum
694 2146 844 2172 crescens
868 2139 1072 2182 miraculum,

431 2186 609 2219 Consolare
634 2186 802 2220 turbatum
828 2188 1003 2231 servulum,

430 2234 479 2268 Ut
503 2239 535 2268 te
559 2235 675 2268 laudet
699 2244 786 2269 nunc
812 2239 846 2269 et
869 2236 903 2269 in
929 2238 1104 2271 saeculum.

162 2321 243 2350 Orat.
266 2331 319 2350 ms.
339 2321 525 2359 Tegurinum
545 2322 617 2351 anni
640 2320 723 2351 1467.
748 2323 822 2352 Cim.
842 2323 1000 2352 Monacen.
1024 2321 1133 2352 19991.
1154 2324 1205 2353 fol.
1218 2322 1273 2353 18].
1290 2325 1318 2354 b.
1339 2324 1375 2354 A.
1392 2340 1431 2345 —

82 2361 164 2391 Orat.
186 2370 240 2389 ms.
261 2361 445 2399 Tegurinum
470 2369 546 2389 saec.
571 2360 615 2390 15.
638 2362 712 2390 Glm.
732 2363 889 2391 Monacen.
912 2360 1024 2392 20123.
1044 2363 1095 2391 fol.
1110 2362 1166 2392 160
1187 2373 1214 2392 a.
1236 2364 1270 2392 B.
1300 2379 1326 2384 --

1354 2366 1429 2394 Glm.

83 2402 242 2430 Monacen.
261 2398 311 2435 (ol.
331 2400 487 2437 Tegurin.)
507 2398 616 2429 19636.
638 2409 716 2430 saec.
739 2399 788 2430 15.
809 2401 842 2430 G.
