1650 2671
225 224 306 259 137.

222 648 304 682 138.

223 1069 302 1104 139.

221 1491 300 1525 140.

220 1911 300 1946 141.

214 2335 294 2367 142.

743 128 1008 164 —194—

334 225 416 267 Ave,
444 224 640 257 venerabilis

384 273 427 306 Et
450 274 655 314 intemerata,

336 324 387 356 'Pu
411 323 570 356 virtutum
595 321 738 356 flosculis

384 371 471 405 Mire
497 372 662 413 decorata,

332 421 411 455 Mea
435 430 526 454 mens
554 432 573 454 a
598 422 737 455 vinculis

382 469 498 503 Carnis
521 470 663 504 liberata

330 520 378 552 Te
401 519 517 552 laudet
542 529 613 553 cum
640 521 764 562 angelis

379 569 418 602 In
445 570 514 603 vita
539 569 645 605 beata.

330 650 413 690 Ave,
442 647 498 681 fax
523 647 664 690 luciflua,

383 697 449 730 Cor
473 698 718 731 obtenebratum

331 746 504 787 Abigendo
529 757 634 780 nocua

376 795 467 829 Dans
492 796 719 840 illuminatum,

330 846 394 878 Per
418 845 454 877 id
481 853 610 878 carmen
638 854 757 878 cernua

378 893 492 926 Mente
519 894 725 926 decantatum

331 944 370 976 In
395 942 465 974 vita
487 947 647 984 perpetua

378 992 465 1024 Para
489 992 567 1024 mihi
593 995 724 1027 statum.

329 1070 412 1110 Ave,
440 1070 692 1110 gubernaculum

379 1117 644 1159 Christianitatis,

328 1167 506 1207 Depellens
530 1168 709 1208 periculum

378 1215 479 1248 Velut
502 1215 596 1249 firma
622 1218 714 1257 ratis,

325 1265 465 1298 Resolve
490 1265 691 1298 obstaculum

374 1313 471 1347 Meae
497 1314 653 1358 caritatis,

327 1363 395 1403 Quo
421 1371 553 1402 premor
575 1372 635 1404 per
652 1364 840 1396 scandalum

375 1410 496 1444 Vivens
522 1412 555 1443 in
581 1413 735 1453 peccatis,

328 1492 410 1533 Ave,
439 1499 457 1522 o
482 1491 667 1532 prodigium

373 1539 547 1579 Prophetis
573 1542 747 1580 ostensum,

323 1588 426 1621 Tuum
454 1588 508 1628 qui
534 1588 742 1628 praeconium

372 1636 528 1669 Scribunt
551 1638 583 1669 in
610 1638 810 1682 immensum,

323 1686 396 1719 Hoc
417 1695 477 1726 per
499 1685 694 1719 sacrificium

372 1734 538 1768 Laudisve
561 1736 728 1768 incensum

324 1785 424 1817 Placa
448 1787 538 1816 tuum
563 1783 665 1817 filium

373 1833 520 1867 Peccatis
546 1833 711 1869 offensum.

326 1914 408 1945 Ave.
437 1912 526 1944 cuius
550 1913 659 1953 partui

374 1960 473 1994 Chori
498 1962 685 2002 angelorum

326 2010 548 2043 Concinebant
573 2012 698 2044 strenui

372 2058 541 2092 Canticum
569 2060 732 2104 decorum,

323 2107 479 2140 Auditum
505 2108 648 2148 ploratui

371 2156 498 2190 Praebe
523 2158 714 2191 miserorum

321 2205 531 2239 Traditorum
559 2207 662 2238 aestui

370 2254 648 2295 Purgatoriorum.

321 2335 403 2373 Ave,
430 2331 596 2365 odorifera

369 2381 482 2415 Herba
510 2382 590 2414 dans
616 2383 775 2416 medelam

324 2431 565 2472 Propellentem
594 2431 719 2464 scelera

370 2480 557 2522 Mem-isque
582 2481 757 2523 querelam,

1035 229 1060 262 O
1086 232 1191 262 mater
1217 228 1414 273 christifera,

1083 277 1137 312 Da
1159 278 1241 311 mibi
1264 279 1427 311 cautelam

1035 326 1209 368 Ducasque
1233 327 1276 360 acl
1301 327 1436 360 aethera

1080 376 1190 409 Meam
1215 377 1429 418 parentelam.

914 455 994 488 143.
1021 455 1104 495 Ave,
1129 454 1233 487 funda
1258 455 1407 497 DavidiS,

1083 503 1179 537 Cuius
1204 514 1265 545 per
1288 505 1450 538 iactamen

1031 553 1220 586 Philistaeis
1244 554 1371 587 rabidis

1077 602 1226 634 Abstulit
1250 603 1406 644 solamen,

1030 651 1144 683 Mente
1171 651 1265 684 nobis
1292 652 1395 684 aridis

1079 699 1214 733 Gratiae
1239 704 1405 742 guttamen

1029 748 1168 790 Largire
1193 759 1232 782 ac
1255 750 1385 790 pavidis

1080 798 1185 830 Tuum
1211 799 1417 833 adiuvamen.

921 876 1001 909 144.
1028 876 1111 916 Ave,
1139 886 1233 917 quam
1261 876 1432 918 magnifico

1076 925 1150 958 Hac
1174 926 1238 958 oda
1263 929 1402 968 meapte,

1028 974 1123 1007 More
1149 983 1245 1015 quam
1270 975 1398 1016 poetico

1079 1022 1220 1055 Concino
1243 1026 1366 1068 ornate,

1028 1071 1093 1112 Me,
1121 1081 1139 1103 o
1166 1074 1281 1112 mater,
1309 1073 1470 1115 supplico,

1076 1120 1148 1152 Tua
1171 1120 1295 1160 pietate

1028 1169 1097 1201 Fac
1122 1169 1155 1200 in
1177 1178 1276 1210 regno
1304 1170 1426 1202 caelico

1074 1217 1193 1250 Vivere
1220 1218 1324 1253 beate.

919 1296 997 1330 145.
1025 1297 1108 1338 Ave,
1136 1297 1239 1340 virgo,
1266 1307 1448 1339 pauperum

1076 1344 1226 1378 Clemens
1252 1347 1450 1387 miseratrix,

1024 1393 1086 1426 Dei
1113 1397 1211 1435 atque
1235 1395 1400 1428 hominum

1071 1443 1194 1475 Potens
1220 1444 1405 1488 mediatrix,

1024 1491 1074 1523 Tu
1099 1496 1284 1525 nostrorum
1311 1494 1470 1526 scelerum

1073 1540 1155 1574 Esto
1181 1542 1344 1582 expiatrix

1023 1588 1069 1621 Et
1094 1590 1138 1622 ad
1163 1591 1251 1623 vitae
1277 1592 1428 1624 meritum

1073 1638 1124 1671 Sis
1153 1641 1369 1680 cooperatrix,

916 1717 996 1750 146.
1024 1718 1107 1760 Ave,
1135 1717 1368 1751 infirmantium

1070 1767 1184 1799 Mente
1207 1768 1339 1801 laniena

1026 1814 1214 1849 Gratiarum
1241 1819 1383 1852 omnium

1070 1865 1248 1899 Medicinis
1273 1867 1383 1908 plena,

1022 1913 1107 1946 Prae
1132 1916 1278 1955 peccatis
1305 1917 1452 1949 saucium

1071 1963 1134 1996 Cor
1156 1973 1262 1997 meum
1289 1974 1415 2005 serena,

1021 2013 1173 2054 Alligans
1199 2014 1232 2046 in
1259 2019 1428 2055 posterum

1072 2062 1169 2104 Legis
1197 2072 1268 2095 cum
1293 2068 1417 2098 catena.

913 2141 994 2173 147.
1022 2141 1106 2182 Ave,
1133 2150 1229 2182 quam
1254 2143 1458 2185 temporibus

1071 2190 1187 2223 Patres
1213 2191 1390 2233 primitivis

1022 2238 1200 2272 Coluerunt
1225 2240 1379 2273 laudibus

1069 2288 1212 2320 Multum
1238 2289 1410 2331 mirativiS,

1022 2336 1083 2377 Da,
1110 2339 1148 2368 ut
1171 2337 1205 2369 in
1231 2338 1430 2373 caelestibus

1070 2385 1159 2418 Tuus
1185 2386 1246 2418 sim
1275 2388 1430 2434 concivis,

1023 2434 1084 2474 Qui
1108 2435 1207 2468 laudo
1233 2438 1445 2472 concentibus

1070 2484 1172 2516 Modo
1198 2488 1232 2517 te
1256 2487 1426 2527 proclivis,
