1650 2671
730 119 997 155 —127—

182 216 242 249 24.
257 215 341 258 Ave,
369 216 474 250 dulcis
501 220 600 259 atque
625 219 809 252 rectissime

261 264 336 297 Iesu
361 265 466 307 legem

335 314 417 347 dans
445 315 723 358 delinquentibus,

258 362 322 395 Tis·
342 363 492 398 timorem
518 364 657 399 infunde
683 367 822 406 animae,

256 412 419 446 Vitiorum
452 424 496 447 ne
520 424 649 457 pungar
674 415 832 449 sentibus

186 512 341 554 25.Ave‚
367 509 444 542 Iesu
472 509 610 542 decorus
636 508 750 552 gloria,

260 559 461 594 Occiderunt

337 616 431 649 quem
461 607 524 639 viri
550 606 753 648 sanguinum,

262 656 511 691 circumdantes
537 658 594 688 tua
619 655 739 688 altaria

260 707 358 740 Nunc
384 714 531 746 expurga

333 754 409 788 labe
435 753 672 795 peccaminum.

187 851 245 884 26.
260 851 343 889 Ave,
372 846 526 879 salutaris
553 844 767 885 credentium,

255 897 411 931 Inimicus
438 904 518 936 quos
544 894 657 926 turbat
673 894 831 936 saevienS,

256 946 339 980 Esto
366 945 471 978 servis
499 944 563 975 tuis
590 942 791 984 suffragium,

257 995 326 1029 Nos
345 994 378 1027 111
398 994 452 1026 die
471 993 631 1025 malorum
646 994 833 1033 protegens

189 1091 249 1124 27.
266 1092 347 1131 Ave,
372 1088 460 1130 10511,
489 1086 579 1119 cuius
606 1086 738 1118 emicuit

259 1138 344 1172 Caro
378 1139 492 1169 sancta
519 1144 558 1168 ex
583 1144 668 1177 pura
694 1135 833 1175 virgine,

260 1186 475 1227 Resurgendo
500 1188 536 1216 ut
561 1183 623 1217 fios
649 1181 798 1217 refloruit

256 1236 347 1269 Fuso
364 1244 459 1267 sacro
477 1243 538 1275 pro
556 1234 651 1266 nobis
664 1232 834 1273 sanguine.

186 1331 244 1365 28.
259 1330 344 1372 Ave,
373 1329 464 1361 cuius
490 1328 594 1369 patris
623 1336 684 1360 vox
711 1327 832 1359 sonuit:

261 1378 325 1411 Hic
349 1384 396 1410 est
422 1386 512 1409 meus
541 1376 679 1408 dilectus
705 1373 806 1417 filius,

259 1428 403 1470 Propter
430 1431 462 1458 te
485 1436 505 1459 a
530 1425 624 1458 nobis
651 1424 810 1457 continuit

261 1478 348 1510 Iram
375 1485 466 1508 suam
494 1477 526 1507 et
552 1475 656 1506 nutrit
682 1473 827 1507 vocibus.

187 1572 243 1606 29.
258 1571 342 1612 Ave,
364 1570 454 1602 cuius
468 1570 621 1611 planctus
634 1568 668 1600 in
682 1567 835 1608 gaudium

258 1620 320 1653 Est
331 1628 508 1652 conversus
515 1626 651 1659 surgens
660 1617 833 1656 amortuis,

260 1668 439 1703 consolare
466 1667 567 1701 corda
592 1666 816 1705 maerentium,

260 1719 322 1759 Qui
342 1719 376 1751 in
394 1717 509 1759 poenis
528 1717 642 1758 lugent
661 1715 834 1748 continuis.

187 1815 244 1849 30.
258 1814 342 1855 Ave,
362 1812 447 1852 Iesu,
467 1813 639 1852 praestans
658 1810 835 1851 gratuitum

263 1861 478 1895 Consolamen
504 1863 577 1892 tuos
604 1859 780 1902 enutriens,

263 1910 372 1944 Comm
378 1910 531 1942 endatum
546 1909 676 1950 suscipe
684 1908 838 1951 spiritum

261 1960 384 2004 Meum,
413 1958 544 2000 quando

339 2009 497 2043 decedam
522 2008 677 2040 moriens.

187 2100 245 2135 31.
261 2099 344 2144 Ave,
376 2098 466 2130 cuius
492 2097 634 2130 humano
661 2097 771 2137 generi

261 2149 376 2181 Virtus
403 2147 445 2180 de
471 2146 622 2188 supernis
650 2145 796 2187 emicuit,

260 2197 385 2231 Mentis
412 2205 505 2230 meae
524 2203 680 2228 succurre
697 2194 835 2239 vulneri,

260 2249 298 2282 In
325 2247 473 2290 peccatis
497 2246 552 2288 qui
568 2246 634 2278 iam
656 2245 836 2278 consenuit.

187 2339 244 2373 32.
260 2338 344 2382 Ave,
374 2336 466 2369 cuius
492 2344 551 2369 nos
577 2343 680 2368 verna
697 2334 839 2376 vectigal

258 2387 366 2420 Docet
390 2386 462 2429 regi
487 2390 620 2419 terreno
647 2384 801 2427 reddere,

258 2436 390 2469 Mentes
399 2439 530 2469 nostras
540 2433 595 2467 fac
606 2433 836 2474 tibi—penetral,

261 2486 310 2520 Ut
337 2487 456 2519 devote
480 2484 643 2526 possimus
668 2484 823 2524 psallere.

897 221 953 254 33,
969 219 1052 260 Ave,
1081 219 1166 261 Iesu,
1195 220 1227 250 10
1251 226 1312 259 per
1332 216 1541 259 magnificum

967 268 1095 301 Nomen
1120 270 1211 299 tuum
1238 275 1388 307 rogamus
1406 264 1536 309 fervidi,

970 317 1164 350 Comitatum
1197 319 1331 357 praesta
1357 315 1540 357 angelicum

970 365 1080 398 Servis
1090 365 1165 408 tuis,
1177 375 1256 406 quos
1267 364 1401 398 turbant
1407 365 1538 406 perfidi.

895 465 953 498 34.
966 463 1050 506 Ave,
1076 464 1163 504 Iesu,
1189 464 1235 496 mi
1260 463 1493 504 amantissime,

969 513 1031 553 Qui
1047 511 1186 555 flagellis
1201 522 1234 545 es
1254 521 1366 545 caesus
1385 513 1539 554 graviter,

967 562 1075 603 Meae,
1092 570 1223 605 quaeso,
1238 570 1392 594 succurre
1400 562 1537 607 animae,

968 610 1186 651 Insequuntur

1045 668 1140 700 quam
1166 659 1276 691 hostes
1304 657 1445 692 fortiter.

895 758 1050 798 35.Ave,
1078 758 1164 797 Iesu,
1192 758 1284 798 origo
1310 757 1452 800 luminiS,

969 805 1063 838 Servi
1089 805 1138 838 tui
1163 809 1304 838 mentem
1332 805 1476 839 clarifica

968 854 1014 886 Et
1036 855 1071 887 in
1097 855 1179 887 hora
1204 855 1251 886 tui
1276 856 1444 896 examinis,

969 903 1106 946 Quaeso,
1131 912 1183 935 mc
1201 903 1367 936 turbatum
1386 903 1539 938 laetifica.

895 1004 951 1036 36.
967 1002 1052 1044 Ave,
1078 1002 1167 1035 salus
1192 1002 1352 1034 iustorum
1379 1003 1521 1035 omnium

966 1050 1012 1082 Et
1036 1054 1204 1092 protector
1225 1052 1259 1083 in
1278 1052 1363 1084 malo
1381 1055 1540 1094 tempore,

968 1099 1075 1132 Nobis
1101 1100 1202 1132 vitam
1230 1101 1272 1133 da
1297 1101 1521 1134 innocentium

968 1149 1239 1190 Strophosorum-

1041 1207 1103 1239 que
1132 1207 1243 1230 arcum
1271 1201 1412 1232 contere.

896 1299 953 1333 3¹7.
970 1297 1053 1338 Ave,
1081 1297 1195 1328 mundi
1220 1297 1277 1329 lux
1302 1296 1518 1340 infuscabilis,

970 1344 1178 1378 Infirmorum
1190 1346 1335 1378 claustra
1342 1346 1542 1388 illuminaus,

970 1393 1086 1427 Carnis
1108 1397 1242 1427 nostrae
1259 1398 1396 1435 peccata
1412 1393 1543 1437 fragilis

969 1443 1097 1476 Pietate
1123 1446 1192 1476 esto
1219 1443 1425 1480 obnubilans.

896 1544 954 1578 38,
970 1542 1052 1583 Ave,
1079 1544 1163 1585 Iesu,
1190 1543 1252 1574 mis
1278 1543 1495 1586 exspectatio,

968 1592 1069 1633 Apud
1087 1600 1182 1633 quem
1198 1595 1248 1624 est
1260 1600 1334 1624 mea
1346 1592 1543 1633 substantia,

967 1641 1091 1674 Mentis
1114 1649 1166 1674 me
1192 1642 1346 1674 molestat
1369 1641 1524 1683 turbatio,

970 1690 1076 1731 Quam
1102 1690 1250 1731 depellas
1275 1693 1334 1723 tua
1358 1691 1520 1732 potentia.

899 1792 955 1825 39.
971 1791 1055 1832 Ave,
1079 1790 1166 1830 10511,
1195 1791 1250 1831 qui
1276 1793 1372 1830 petra
1397 1790 1528 1836 diceris,

972 1837 1009 1871 In
1036 1848 1134 1880 quam
1160 1840 1281 1881 pedum

1044 1897 1174 1929 gressus
1200 1887 1374 1930 infigimus,

970 1937 1187 1970 Molestamur
1213 1937 1307 1971 malis
1333 1937 1525 1980 innumeris,

973 1986 1070 2020 Unde
1088 1986 1200 2020 tristes
1222 1987 1265 2020 ad
1283 1989 1317 2019 10
1329 1986 1545 2028 confugimus.

898 2087 956 2119 40.
971 2086 1054 2127 Ave,
1081 2086 1166 2127 Iesu,
1195 2086 1250 2127 qui
1276 2086 1378 2119 Iudae
1404 2087 1514 2120 osculo

971 2134 1018 2167 Es
1042 2135 1176 2169 Iudaeis
1203 2136 1298 2168 datus
1323 2135 1500 2178 fallaciter,

973 2183 1039 2217 Sed
1057 2193 1231 2226 resurgens
1251 2184 1345 2218 fortis
1367 2186 1407 2219 de
1419 2187 1544 2219 tumulo

974 2232 1144 2267 Gloriosus
1171 2243 1289 2276 regnas
1315 2235 1516 2275 perenniter.

901 2334 1057 2377 41.Ave‚
1086 2336 1171 2377 Iesu,
1198 2333 1272 2368 fons
1300 2335 1405 2368 dulcis
1427 2334 1549 2378 poculi,

974 2383 1149 2417 Beatorum
1176 2383 1355 2418 infundens
1382 2384 1517 2428 animaS,

972 2433 1140 2467 Toxicatis
1167 2442 1291 2467 veneno
1318 2434 1428 2466 zabuli

974 2483 1201 2517 Paenitudinis
1229 2483 1353 2524 praebe
1378 2482 1543 2517 lacrimas,
