1650 2671
176 207 219 240 53

175 630 230 663 54.

176 1051 231 1085 55.

173 1473 228 1505 56.

172 1896 228 1929 57.

177 2321 233 2356 58.

225 234 232 241 .
259 206 386 240 Nomen
412 207 615 251 admirabile,

306 257 432 289 Nomen
458 257 575 288 summi
599 255 688 298 boni,

259 305 350 345 Quod
377 314 438 339 nec
464 309 514 337 est
540 305 668 337 effabile

307 355 378 387 Nec
402 358 511 395 potest
537 352 665 395 exponi,

256 405 409 436 Attamen
436 403 576 435 amabile

304 453 401 486 Meae
426 452 546 484 rationi

256 503 366 543 Atque
391 500 578 533 venerabile

307 550 403 584 Omni
427 550 563 583 nationi.

259 628 391 662 Summa
418 628 594 661 dominatio

307 677 491 711 Maiestatis
517 677 633 718 trinae,

256 727 345 768 Quae
369 735 498 766 semper
523 726 616 759 initio

309 775 406 809 Cares
432 778 530 816 atque
555 774 629 817 fine,

258 824 358 858 Salva
382 824 563 865 patrocinio

309 873 398 907 Caeli
424 883 482 906 nos
508 873 640 914 reginae

258 923 311 956 Ab
338 925 471 956 aeterno
499 923 607 955 crucio

307 971 416 1014 Stygis
442 969 603 1006 officinae.

260 1051 337 1083 Vita
361 1049 565 1082 nobilissima

307 1099 454 1132 Omnium
481 1099 621 1131 vitarum

256 1148 359 1180 Manu
383 1148 611 1187 potentissima

304 1198 336 1229 A
362 1201 395 1228 te
422 1199 615 1239 creatarum,

257 1245 314 1278 Me
339 1245 392 1278 vel
418 1245 508 1278 stilla
532 1246 667 1279 minima

305 1296 390 1328 Pota
414 1295 604 1336 gratiarum,

257 1344 357 1383 Quem
384 1344 518 1384 crepido
544 1345 687 1385 pessima

306 1392 472 1434 Deprimit
496 1394 676 1434 culparum.

257 1471 344 1515 Vita,
373 1471 462 1504 ouius
487 1472 634 1505 omnibus

307 1521 479 1554 Praesidet
498 1522 661 1563 maiestas,

258 1570 378 1603 Vivere
402 1570 588 1603 viventibus

305 1620 394 1659 Quae
420 1620 597 1652 clementer
621 1622 782 1661 praestas,

255 1668 326 1701 Tua
353 1668 434 1701 diris
460 1669 608 1701 hostibus

306 1717 453 1751 Resistat
477 1721 633 1759 potestas,

256 1767 378 1808 Quibus
404 1768 525 1800 nostris
548 1766 711 1800 mentibus

307 1817 418 1850 Oritur
444 1820 633 1858 tempestas.

257 1895 403 1929 Trinitas
428 1896 647 1929 substantium

306 1944 617 1987 Substantificatrix,

256 1994 417 2027 Mentium
445 1995 601 2028 debilium

304 2043 351 2077 Et
375 2042 603 2087 refocillatrix,

257 2092 452 2126 Nostrorum
480 2097 512 2125 et
539 2094 684 2126 cordium

306 2142 358 2175 Sis
383 2141 611 2184 illuminatrix,

258 2191 347 2231 Quae
374 2195 483 2223 caecat
509 2200 570 2232 per
595 2192 705 2225 odium

305 2239 482 2273 Infernalis
509 2241 629 2275 natrix.

263 2320 374 2353 Virtus
400 2319 579 2353 virtutifica

306 2370 488 2409 Virtusque
516 2369 638 2412 divina,

257 2420 327 2460 Qua
353 2418 435 2452 caeli
460 2417 598 2452 mirifica

307 2468 437 2503 Gaudet
461 2466 602 2513 officina,

955 203 1089 246 Precor,
1116 213 1167 237 me
1197 202 1341 237 fortifica

1005 252 1145 286 Servans
1172 263 1192 287 a
1217 253 1323 296 ruina,

959 301 1009 334 Ne
1034 311 1086 335 me
1111 305 1242 344 premat
1265 302 1392 337 hostica

1004 351 1109 385 Fraus
1135 353 1188 386 vel
1214 351 1381 386 Satauina.

873 432 929 465 59.
958 430 983 463 O
1010 430 1252 473 magnificentia

1006 478 1145 512 Sanctae
1172 479 1354 521 Trinitatis,

957 527 1078 561 Greans
1103 528 1292 561 exsistentia

1007 576 1252 620 Universitatis,

960 625 1068 659 Corda
1093 626 1296 667 paenitentia

1009 674 1082 707 Suis
1107 685 1127 707 a
1151 674 1296 716 peccatis

961 723 1137 757 Consolare
1162 724 1269 766 gratia

1007 774 1097 807 Tuae
1122 773 1267 815 pietatis.

876 854 932 886 60.
958 851 1032 884 Rex
1057 860 1168 894 regum
1196 854 1228 885 et
1251 851 1412 885 Dominus

1006 901 1056 933 Tu
1083 910 1116 933 es
1144 901 1358 943 dominorum,

959 949 1075 982 Dictus
1101 950 1311 983 nihilominus

1005 998 1049 1031 Et
1074 998 1164 1032 Deus
1192 1001 1336 1040 deorum,

959 1048 1123 1089 Hymnum
1148 1049 1211 1081 tibi
1233 1049 1425 1089 promimus,

1008 1097 1033 1130 O
1060 1101 1173 1130 sancte
1197 1100 1394 1140 sanctorum,

960 1147 1006 1180 Ut
1032 1155 1091 1178 nos
1116 1147 1231 1188 iungas
1259 1147 1405 1180 coetibus

1008 1195 1071 1228 Per
1097 1197 1131 1228 te
1157 1195 1369 1229 beandorum.

875 1274 931 1308 61.
960 1273 985 1307 O
1009 1277 1106 1316 pater
1133 1274 1369 1320 cunctipotens,

1008 1323 1155 1356 Omnium
1185 1326 1323 1366 creator,

958 1372 984 1406 Ο
1011 1375 1046 1404 tu
1070 1372 1145 1405 Iesu
1171 1372 1290 1415 oriens,

1008 1421 1184 1454 Hominum
1212 1422 1370 1465 salvator,

958 1470 1063 1503 Amor
1088 1471 1129 1503 ab
1155 1472 1206 1504 his
1232 1471 1398 1513 prodiens,

1007 1520 1068 1553 Pie
1094 1521 1288 1561 consolator,

958 1569 1015 1601 Me
1040 1569 1101 1602 tibi
1126 1569 1290 1602 subiciens

1008 1619 1185 1652 Prosterno
1211 1622 1376 1660 peccator.

877 1700 932 1732 62.
961 1699 986 1732 O
1014 1708 1140 1731 summa
1167 1697 1320 1731 divinitas

1008 1748 1046 1781 In
1071 1749 1220 1788 personis
1247 1747 1345 1791 trina,

960 1796 1027 1830 Sed
1052 1800 1161 1829 tamen
1188 1796 1384 1838 simplicitas

1008 1847 1183 1879 Permanet
1209 1845 1331 1887 divina,

960 1895 1010 1928 Sit
1036 1895 1253 1928 amicabilitas

1008 1945 1045 1978 In
1071 1954 1125 1978 me
1152 1944 1347 1986 columbina,

964 1995 1029 2028 Per
1054 1997 1087 2027 te
1113 2004 1154 2027 ne
1182 1994 1339 2028 dolositas

1008 2044 1065 2077 Me
1090 2043 1187 2077 fallat
1210 2044 1358 2084 vulpina.

878 2127 934 2161 63,
964 2125 1051 2157 Vera
1077 2133 1154 2165 pax,
1183 2131 1278 2165 quam
1305 2124 1414 2157 omnia

1009 2175 1183 2214 Appetunt
1209 2174 1320 2204 creata

959 2222 1062 2255 Simul
1088 2221 1272 2255 habitantia

1011 2271 1087 2304 Sive
1114 2271 1311 2313 disgregata,

961 2321 1070 2354 Corda
1097 2319 1321 2353 discordantia

1006 2369 1123 2403 Facito
1150 2371 1289 2410 paccata

956 2419 1003 2453 Et
1026 2419 1120 2452 nobis
1147 2419 1313 2452 contraria

1010 2468 1074 2501 Per
1100 2471 1134 2501 te
1159 2468 1225 2502 sint
1251 2468 1373 2502 ablata.
