1650 2671
595 578 663 612 XII.
700 578 896 612 Psalterium
915 577 1068 610 Tertium.

722 680 953 720 Prologus.

435 768 466 801 1.
493 764 633 802 Matrem
657 763 820 801 Altissimi
846 762 949 807 Regis
976 763 1017 800 In
1043 762 1201 801 AnimuM

497 816 609 849 Meum
637 815 772 855 deposui
799 814 936 848 laudare
963 815 1102 857 cantico,

499 863 598 897 Cuius
625 862 771 897 oramine
796 873 815 895 a
840 863 936 896 malis
962 863 1064 896 variis

497 912 657 946 Tutamur
683 912 772 945 ocius
798 916 831 944 et
856 913 950 945 bonis
978 912 1127 946 fruimur.

439 1005 471 1036 2.
498 999 623 1037 Amore
648 1001 768 1034 etenim
795 1010 894 1043 cogor
919 1004 954 1033 et
978 999 1097 1043 gratiA

497 1051 589 1094 Eius,
618 1060 714 1092 quam
742 1051 850 1092 reperi
878 1050 977 1083 laude
1004 1050 1236 1091 dignissimam,

501 1100 638 1133 Carmen
667 1100 870 1141 depromere,
898 1099 1045 1140 quamvis
1070 1099 1229 1132 dissimile

501 1149 609 1190 Ipsius
634 1149 761 1182 meritis
786 1152 885 1190 atque
908 1149 1096 1190 praeconio.

439 1239 470 1271 3.
501 1233 628 1279 Regina
653 1237 786 1281 gloriae,
817 1238 940 1270 cunctis
968 1234 1204 1278 praestantioR

502 1286 630 1320 Sanctis
657 1288 691 1319 in
718 1287 841 1319 caelica
866 1287 942 1320 aula
969 1286 1170 1329 degentibus.

500 1335 658 1370 Auditum
685 1337 778 1377 aperi
802 1335 1039 1379 petitiunculis,

501 1385 623 1425 Quibus
651 1385 826 1418 subordior
849 1388 892 1427 te,
920 1386 1022 1430 virgo,
1050 1384 1199 1426 aggredi.

434 1476 466 1509 4.
494 1472 577 1509 luva
603 1474 767 1516 ingenium
795 1474 866 1518 mis,
894 1474 941 1505 tui
968 1470 1099 1515 famulL

500 1523 547 1558 Ut
571 1523 668 1564 digne
694 1522 859 1564 proferam
888 1526 944 1555 tua
970 1523 1157 1565 praeconia,

500 1573 624 1614 Quibus
650 1572 818 1606 extolleris
845 1582 865 1605 a
889 1572 984 1605 lustis
1010 1572 1142 1615 iugiter,

498 1624 640 1664 Quorum
667 1622 863 1663 participem
889 1630 940 1654 me
967 1630 1069 1662 posco
1096 1620 1176 1658 fieri,

434 1712 465 1745 5.
492 1708 633 1746 Auctori
658 1710 801 1744 omnium
828 1711 932 1744 virtus
960 1715 993 1743 et
1018 1708 1146 1753 gloriA.

498 1761 592 1795 Patri
620 1763 652 1793 et
677 1759 745 1794 filio
771 1763 869 1801 atque
895 1761 1067 1801 paraclito,

498 1810 559 1851 Qui
583 1815 618 1843 te
644 1819 684 1843 ex
710 1810 817 1852 gratia
844 1811 922 1843 dant
948 1810 1045 1843 nobis
1070 1808 1201 1842 miseris

495 1856 634 1894 Matrem
660 1856 712 1895 Ac
736 1855 899 1902 Reginam
925 1857 967 1894 In
992 1856 1186 1895 Affluentia.

659 1998 971 2042 Quinquagena
997 2000 1024 2035 I.

163 2089 196 2124 1.
214 2090 296 2131 Ave,
329 2088 417 2131 regis
443 2088 547 2122 nostri
574 2088 706 2130 pacifici
878 2091 909 2124 3.
924 2090 1007 2133 Ave,
1035 2089 1139 2131 virgo,
1166 2089 1335 2123 inventrix
1361 2089 1498 2131 gratiae,

214 2138 334 2179 Mater,
349 2138 434 2180 aula,
445 2137 584 2172 thronus
595 2141 627 2171 et
639 2138 814 2180 thalamus,
925 2140 1025 2181 Quam
1040 2139 1102 2172 hoc
1115 2139 1236 2180 hymno
1250 2139 1380 2173 laudari
1390 2139 1508 2172 molior

215 2187 286 2222 Fac
311 2197 370 2221 nos
397 2187 461 2230 legi
487 2188 591 2229 ipsius
618 2187 734 2232 subici,
925 2188 1058 2222 Scutum
1084 2188 1165 2222 mihi
1192 2189 1235 2222 da
1255 2189 1461 2230 tolerantiae,

212 2237 312 2274 Cuius
334 2238 497 2280 templum
515 2237 632 2271 haberi
652 2238 812 2280 cupimus.
926 2238 988 2279 Qui
1013 2238 1127 2272 hostili
1153 2239 1254 2272 dente
1278 2237 1463 2272 eonfodior.

169 2328 202 2361 2.
218 2329 301 2372 Ave,
331 2327 435 2371 virgo,
464 2328 515 2361 cui
542 2327 626 2361 nihil
653 2328 794 2370 denegat
877 2329 911 2362 4.
926 2327 1080 2371 Ave,per
1089 2337 1186 2370 quam
1197 2327 1524 2370 venithaecnpvitas,

217 2377 349 2411 Prolem
374 2376 441 2411 sibi
457 2377 627 2420 aequalem
644 2386 816 2420 generans,
925 2378 996 2419 Qua
1021 2377 1245 2411 circumdatur
1271 2378 1322 2411 vir
1347 2387 1369 2410 a
1389 2376 1523 2419 femina,

217 2426 411 2461 Famulatus
437 2427 491 2461 hic
515 2436 606 2461 meus
631 2428 763 2469 placeat
924 2427 1126 2461 Iracundum
1152 2436 1205 2460 me
1227 2427 1418 2461 animositas

216 2476 302 2520 Tibi,
327 2485 391 2518 quo
418 2477 544 2511 desudo
570 2480 604 2510 te
629 2486 802 2512 venerans,
926 2477 1062 2519 Reddit,
1091 2486 1184 2520 quam
1211 2487 1231 2510 a
1258 2477 1358 2510 corde
1378 2476 1522 2512 elimina.
