1650 2671
716 114 959 150 —63—

167 215 249 248 132.
263 215 345 257 Ave,
372 214 428 255 qui
451 214 615 248 velamina

310 263 433 297 Pandis
460 263 608 297 veritatis
645 288 648 291 .

262 312 429 353 Simulque
454 312 633 353 spiramina

309 361 465 395 Praestas
491 360 650 400 caritatis,

258 410 330 443 Duc
355 411 390 442 in
415 410 639 451 speculamina

306 458 364 493 Me
391 459 583 500 divinitalis,

262 509 326 541 Per
351 517 434 548 quae
460 507 680 541 consolaminu

310 556 441 589 Sumam
468 567 538 590 eum
566 556 681 589 beatis.

163 637 243 671 133.
258 637 342 671 Ave,
370 637 425 677 qui
449 636 615 668 illuminas

312 685 429 718 Omnes
456 686 622 718 venientes

264 735 300 767 In
326 735 481 766 mundum
510 739 540 766 et
566 734 718 766 tenebras

310 782 476 816 Scelerum
501 787 703 824 spernentes,

260 832 333 865 Duc
358 832 392 864 in
419 833 529 864 caulas
556 832 695 864 caelicas

308 880 357 914 Te
383 881 611 914 benedicentes

262 938 461 970 Semperque
485 940 546 971 per
568 929 695 962 debitas

309 979 437 1011 Laudes
464 978 667 1011 extollentes.

164 1058 344 1098 134.Ave‚
372 1065 467 1097 quem
491 1057 524 1089 in
553 1056 697 1089 dexteris

308 1106 417 1139 Patris
442 1106 640 1139 residentem

263 1154 433 1188 Credimus
460 1157 491 1186 et
518 1154 620 1187 radiis

306 1202 402 1235 Miris
429 1202 653 1245 refulgentem,

257 1251 423 1284 Scelerum
452 1252 492 1284 de
517 1251 663 1284 tenebris

303 1299 399 1333 Educ
423 1309 476 1333 me
499 1301 672 1344 lugentem,

259 1348 396 1382 Faciens
424 1358 496 1381 cum
520 1350 648 1389 superis

305 1397 353 1431 Te
378 1398 622 1432 benedicentem

161 1478 339 1511 1:35.Axe.
365 1477 451 1513 Iesu,
478 1477 688 1518 splendidum

305 1526 390 1560 Solis
416 1527 587 1561 luminare,

256 1576 392 1608 Taetrus
419 1580 531 1608 noctes
557 1576 711 1608 mentium

308 1625 426 1657 Potens
452 1625 655 1665 propulsare,

258 1674 278 1706 l*
287 1675 347 1706 elis
376 1674 574 1706 desiderium

303 1722 415 1755 Meum
443 1721 654 1763 inflammare,

257 1773 303 1806 Ut
330 1775 362 1802 te
389 1772 634 1805 dilectissimum

307 1820 433 1861 Dignus
458 1822 519 1853 sim
546 1830 666 1855 amare.

162 1901 338 1935 lemme.
366 1898 450 1943 fons,
478 1910 540 1941 quo
565 1898 699 1933 flumina

304 1948 426 1981 Fluunt
452 1950 642 1990 gratiarum,

256 2001 344 2037 Quae
370 1999 526 2031 mundant
554 1999 722 2031 cavamina

306 2046 596 2088 &nst-ianuarum,

256 2096 346 2128 Audi
371 2097 604 2137 suspiramina,

306 2146 438 2181 Precor,
465 2146 643 2177 animarum

256 2194 438 2235 Degentum
466 2194 506 2226 ob
534 2194 670 2227 crimina

306 2243 344 2276 In
369 2243 450 2275 locis
474 2252 664 2284 poenarum.

162 2324 243 2357 137.
257 2324 342 2364 Ave,
370 2322 424 2362 qui
448 2332 514 2355 non
541 2322 683 2363 despicis

306 2373 426 2406 Preces
453 2372 665 2404 contritorum

258 2420 377 2454 Mortis
398 2423 475 2454 tuae
499 2420 624 2454 meritis

306 2470 362 2504 Ad
389 2474 420 2503 te
447 2480 686 2511 conversurum,

964 214 1016 246 Da
1040 214 1157 246 solutis
1184 213 1304 247 debitis

1013 262 1179 296 Scelerum
1202 272 1357 306 meorum,

964 311 1077 345 Socier
1101 312 1300 353 hymnidicis

1013 360 1130 394 Choris
1157 361 1359 403 angelorum.

866 440 948 473 138.
964 443 1046 480 Ave,
1071 440 1185 473 lucens
1210 441 1348 480 veritas,

1012 491 1100 527 Quae
1125 488 1236 522 futura
1261 490 1380 528 cernis.

963 537 1062 571 Cuius
1087 539 1264 570 radiositas

1011 586 1171 626 Splendet
1194 597 1215 619 a
1238 587 1399 630 supernis,

961 635 1042 674 Tua,
1069 644 1198 676 precor,
1224 635 1342 676 pietas,

1011 684 1075 716 Per
1100 694 1195 725 quam
1220 684 1344 717 nullum
1368 684 1508 727 spernis,

965 733 1105 766 Cunctas
1133 734 1237 774 pellat
1263 733 1416 766 tenebras

1009 782 1094 814 Meis
1120 784 1160 816 ab
1187 782 1335 815 internis.

866 862 1047 896 139.Ave,
1076 861 1127 893 cui
1153 861 1282 902 agmina

1009 909 1160 942 Omnium
1184 913 1371 943 sanctorum

962 959 1090 993 Canunt
1115 959 1305 992 iubilaminu

1009 1007 1046 1039 In
1073 1017 1173 1050 regno
1201 1008 1375 1050 caelorum,

959 1056 1171 1089 Famulorum
1198 1057 1343 1089 carmina

1010 1104 1147 1145 Suscipe
1171 1109 1300 1138 tuorum

960 1154 1005 1186 Et
1032 1152 1127 1185 aufer
1152 1154 1320 1186 molimina

1007 1202 1294 1237 Adversariorum.

864 1282 944 1315 140.
961 1282 1032 1314 Ave
1058 1290 1076 1313 o
1102 1282 1257 1314 solacium

1009 1331 1148 1363 Animae
1173 1331 1312 1364 amantis

961 1381 1004 1413 Et
1029 1388 1089 1419 per
1116 1380 1315 1413 desiderium

1006 1428 1061 1461 Ad
1088 1433 1120 1460 te
1145 1429 1352 1472 suspirantis,

958 1477 1045 1510 Sana
1068 1478 1297 1511 semisauciam

1008 1527 1074 1559 Cor
1098 1530 1132 1559 te
1156 1527 1354 1567 venerantis,

959 1575 1081 1608 Laudis
1106 1576 1304 1609 sacrificium

1007 1623 1134 1657 Devote
1159 1625 1294 1658 litantis.

862 1704 1041 1737 141.Ave.
1068 1713 1134 1743 pax
1160 1707 1322 1745 perpetua

1007 1752 1143 1793 Luxque
1167 1755 1349 1797 beatorum,

959 1801 1121 1834 Laudaris
1146 1802 1280 1837 assidua.

1009 1850 1097 1882 Voce
1119 1852 1175 1892 qui
1199 1852 1340 1892 piorum.

960 1901 1061 1933 Prece
1086 1909 1165 1941 rogo
1193 1909 1313 1933 cernua

1007 1948 1066 1990 Te,
1093 1958 1199 1981 meum
1227 1949 1390 1984 decorum.

959 1998 1005 2031 Ut
1029 1999 1197 2038 propellas
1222 2007 1327 2031 nocua

1009 2047 1254 2080 Insidiatorum.

864 2128 942 2160 142.
957 2127 1039 2168 Ave,
1069 2126 1159 2158 cuius
1185 2126 1292 2167 gratia

1007 2174 1124 2208 Finem
1145 2175 1239 2215 ponit
1263 2174 1346 2215 irae,

959 2224 1086 2263 Nempe
1112 2223 1302 2256 exsistentia

1008 2272 1143 2313 Ignoras
1169 2273 1273 2313 odire,

957 2321 1026 2354 Fac
1051 2331 1103 2353 me
1129 2331 1200 2354 cum
1228 2322 1411 2356 constantia

1005 2370 1081 2403 Tibi
1107 2371 1273 2411 oboedire,

959 2421 1013 2453 Ad
1041 2420 1123 2452 caeli
1148 2420 1296 2462 tripudia

1010 2470 1129 2509 Queam
1158 2475 1194 2503 ut
1218 2470 1343 2504 venire.
