<?xml version="1.0" encoding="UTF-8"?>
<!DOCTYPE html PUBLIC "-//W3C//DTD XHTML 1.0 Transitional//EN"
    "http://www.w3.org/TR/xhtml1/DTD/xhtml1-transitional.dtd">
<html xmlns="http://www.w3.org/1999/xhtml" xml:lang="en" lang="en">
 <head>
  <title>
</title>
<meta http-equiv="Content-Type" content="text/html;charset=utf-8" />
  <meta name='ocr-system' content='tesseract 3.04.00' />
  <meta name='ocr-capabilities' content='ocr_page ocr_carea ocr_par ocr_line ocrx_word'/>
</head>
<body>
  <div class='ocr_page' id='page_1' title='image "./analectahymnica38drevuoft_00245.png"; bbox 0 0 1650 2671; ppageno 0'>
   <div class='ocr_carea' id='block_1_1' title="bbox 141 195 197 227">
    <p class='ocr_par' dir='ltr' id='par_1_1' title="bbox 141 195 197 227">
     <span class='ocr_line' id='line_1_1' title="bbox 141 195 197 227; baseline -0.036 0"><span class='ocrx_word' id='word_1_1' title='bbox 141 195 197 227; x_wconf 87' lang='lat'>39.</span> 
     </span>
    </p>
   </div>
   <div class='ocr_carea' id='block_1_2' title="bbox 137 651 194 684">
    <p class='ocr_par' dir='ltr' id='par_1_2' title="bbox 137 651 194 684">
     <span class='ocr_line' id='line_1_2' title="bbox 137 651 194 684; baseline -0.018 0"><span class='ocrx_word' id='word_1_2' title='bbox 137 651 194 684; x_wconf 74' lang='lat'>41.</span> 
     </span>
    </p>
   </div>
   <div class='ocr_carea' id='block_1_3' title="bbox 142 1003 201 1035">
    <p class='ocr_par' dir='ltr' id='par_1_3' title="bbox 142 1003 201 1035">
     <span class='ocr_line' id='line_1_3' title="bbox 142 1003 201 1035; baseline 0 0"><span class='ocrx_word' id='word_1_3' title='bbox 142 1003 201 1035; x_wconf 82' lang='lat'>42.</span> 
     </span>
    </p>
   </div>
   <div class='ocr_carea' id='block_1_4' title="bbox 143 1704 202 1739">
    <p class='ocr_par' dir='ltr' id='par_1_4' title="bbox 143 1704 202 1739">
     <span class='ocr_line' id='line_1_4' title="bbox 143 1704 202 1739; baseline 0 -1"><span class='ocrx_word' id='word_1_4' title='bbox 143 1704 202 1739; x_wconf 78' lang='lat'>44.</span> 
     </span>
    </p>
   </div>
   <div class='ocr_carea' id='block_1_5' title="bbox 144 2056 202 2090">
    <p class='ocr_par' dir='ltr' id='par_1_5' title="bbox 144 2056 202 2090">
     <span class='ocr_line' id='line_1_5' title="bbox 144 2056 202 2090; baseline -0.034 0"><span class='ocrx_word' id='word_1_5' title='bbox 144 2056 202 2090; x_wconf 79' lang='lat'>45.</span> 
     </span>
    </p>
   </div>
   <div class='ocr_carea' id='block_1_6' title="bbox 672 90 936 126">
    <p class='ocr_par' dir='ltr' id='par_1_6' title="bbox 672 90 936 126">
     <span class='ocr_line' id='line_1_6' title="bbox 672 90 936 126; baseline -0.011 1"><span class='ocrx_word' id='word_1_6' title='bbox 672 90 840 126; x_wconf 78' lang='lat'>—242</span> <span class='ocrx_word' id='word_1_7' title='bbox 892 113 936 117; x_wconf 94' lang='lat'>—-</span> 
     </span>
    </p>
   </div>
   <div class='ocr_carea' id='block_1_7' title="bbox 224 189 765 468">
    <p class='ocr_par' dir='ltr' id='par_1_7' title="bbox 226 189 765 280">
     <span class='ocr_line' id='line_1_7' title="bbox 226 189 765 233; baseline -0.009 -7"><span class='ocrx_word' id='word_1_8' title='bbox 226 192 362 233; x_wconf 82' lang='lat' dir='ltr'>Plaude,</span> <span class='ocrx_word' id='word_1_9' title='bbox 389 191 482 232; x_wconf 80' lang='lat' dir='ltr'>virgo</span> <span class='ocrx_word' id='word_1_10' title='bbox 508 198 648 231; x_wconf 84' lang='lat' dir='ltr'>regnans</span> <span class='ocrx_word' id='word_1_11' title='bbox 676 189 765 222; x_wconf 85' lang='lat' dir='ltr'>clarc</span> 
     </span>
     <span class='ocr_line' id='line_1_8' title="bbox 273 238 650 280; baseline -0.013 -6"><span class='ocrx_word' id='word_1_12' title='bbox 273 241 376 274; x_wconf 85' lang='lat' dir='ltr'>Modo</span> <span class='ocrx_word' id='word_1_13' title='bbox 403 248 504 280; x_wconf 82' lang='lat' dir='ltr'>super</span> <span class='ocrx_word' id='word_1_14' title='bbox 528 238 650 279; x_wconf 82' lang='lat' dir='ltr'>sidera,</span> 
     </span>
    </p>

    <p class='ocr_par' dir='ltr' id='par_1_8' title="bbox 224 286 689 378">
     <span class='ocr_line' id='line_1_9' title="bbox 224 286 689 331; baseline -0.011 -8"><span class='ocrx_word' id='word_1_15' title='bbox 224 289 293 322; x_wconf 87' lang='lat' dir='ltr'>Nos</span> <span class='ocrx_word' id='word_1_16' title='bbox 321 290 458 331; x_wconf 89' lang='lat' dir='ltr'>dignare</span> <span class='ocrx_word' id='word_1_17' title='bbox 482 291 516 320; x_wconf 92' lang='lat' dir='ltr'>te</span> <span class='ocrx_word' id='word_1_18' title='bbox 540 286 689 328; x_wconf 86' lang='lat' dir='ltr'>laudare,</span> 
     </span>
     <span class='ocr_line' id='line_1_10' title="bbox 274 337 647 378; baseline -0.013 -6"><span class='ocrx_word' id='word_1_19' title='bbox 274 339 299 372; x_wconf 94' lang='lat' dir='ltr'>O</span> <span class='ocrx_word' id='word_1_20' title='bbox 323 337 447 372; x_wconf 78' lang='lat' dir='ltr'>Christi</span> <span class='ocrx_word' id='word_1_21' title='bbox 472 344 647 378; x_wconf 82' lang='lat' dir='ltr'>puerpera,</span> 
     </span>
    </p>

    <p class='ocr_par' dir='ltr' id='par_1_9' title="bbox 224 385 702 468">
     <span class='ocr_line' id='line_1_11' title="bbox 224 385 641 425; baseline -0.01 -6"><span class='ocrx_word' id='word_1_22' title='bbox 224 387 277 419; x_wconf 89' lang='lat' dir='ltr'>Ac</span> <span class='ocrx_word' id='word_1_23' title='bbox 303 387 480 419; x_wconf 87' lang='lat' dir='ltr'>clementer</span> <span class='ocrx_word' id='word_1_24' title='bbox 507 385 641 425; x_wconf 82' lang='lat' dir='ltr'>expiare</span> 
     </span>
     <span class='ocr_line' id='line_1_12' title="bbox 275 432 702 468; baseline -0.005 0"><span class='ocrx_word' id='word_1_25' title='bbox 275 435 400 468; x_wconf 84' lang='lat' dir='ltr'>Cuncta</span> <span class='ocrx_word' id='word_1_26' title='bbox 425 437 539 468; x_wconf 84' lang='lat' dir='ltr'>nostra</span> <span class='ocrx_word' id='word_1_27' title='bbox 564 432 702 466; x_wconf 88' lang='lat' dir='ltr'>scelera.</span> 
     </span>
    </p>
   </div>
   <div class='ocr_carea' id='block_1_8' title="bbox 134 2448 223 2476">
    <p class='ocr_par' dir='ltr' id='par_1_10' title="bbox 134 2448 223 2476">
     <span class='ocr_line' id='line_1_13' title="bbox 134 2448 223 2476; baseline -0.011 0"><span class='ocrx_word' id='word_1_28' title='bbox 134 2448 223 2476; x_wconf 82' lang='lat' dir='ltr'>alma.</span> 
     </span>
    </p>
   </div>
   <div class='ocr_carea' id='block_1_9' title="bbox 843 189 903 223">
    <p class='ocr_par' dir='ltr' id='par_1_11' title="bbox 843 189 903 223">
     <span class='ocr_line' id='line_1_14' title="bbox 843 189 903 223; baseline 0 0"><span class='ocrx_word' id='word_1_29' title='bbox 843 189 903 223; x_wconf 82' lang='lat'>40.</span> 
     </span>
    </p>
   </div>
   <div class='ocr_carea' id='block_1_10' title="bbox 929 184 1446 464">
    <p class='ocr_par' dir='ltr' id='par_1_12' title="bbox 932 184 1420 278">
     <span class='ocr_line' id='line_1_15' title="bbox 932 184 1420 230; baseline -0.014 -8"><span class='ocrx_word' id='word_1_30' title='bbox 932 189 1067 230; x_wconf 85' lang='lat' dir='ltr'>Plaude,</span> <span class='ocrx_word' id='word_1_31' title='bbox 1094 188 1239 229; x_wconf 83' lang='lat' dir='ltr'>prudens</span> <span class='ocrx_word' id='word_1_32' title='bbox 1266 195 1284 218; x_wconf 96' lang='grc' dir='ltr'>ο</span> <span class='ocrx_word' id='word_1_33' title='bbox 1310 184 1420 217; x_wconf 77' lang='lat' dir='ltr'>Maria</span> 
     </span>
     <span class='ocr_line' id='line_1_16' title="bbox 978 233 1350 278; baseline -0.013 -8"><span class='ocrx_word' id='word_1_34' title='bbox 978 237 1140 278; x_wconf 78' lang='lat' dir='ltr'>sidusque</span> <span class='ocrx_word' id='word_1_35' title='bbox 1166 233 1350 275; x_wconf 85' lang='lat' dir='ltr'>mirificum,</span> 
     </span>
    </p>

    <p class='ocr_par' dir='ltr' id='par_1_13' title="bbox 929 284 1446 375">
     <span class='ocr_line' id='line_1_17' title="bbox 929 284 1293 319; baseline -0.008 0"><span class='ocrx_word' id='word_1_36' title='bbox 929 287 983 319; x_wconf 88' lang='lat' dir='ltr'>Da</span> <span class='ocrx_word' id='word_1_37' title='bbox 1006 285 1101 319; x_wconf 87' lang='lat' dir='ltr'>finita</span> <span class='ocrx_word' id='word_1_38' title='bbox 1126 286 1214 319; x_wconf 84' lang='lat' dir='ltr'>vitae</span> <span class='ocrx_word' id='word_1_39' title='bbox 1241 284 1293 317; x_wconf 87' lang='lat' dir='ltr'>via</span> 
     </span>
     <span class='ocr_line' id='line_1_18' title="bbox 978 330 1446 375; baseline -0.013 -8"><span class='ocrx_word' id='word_1_40' title='bbox 978 335 1025 367; x_wconf 79' lang='lat' dir='ltr'>Et</span> <span class='ocrx_word' id='word_1_41' title='bbox 1050 335 1157 367; x_wconf 82' lang='lat' dir='ltr'>carnis</span> <span class='ocrx_word' id='word_1_42' title='bbox 1183 335 1259 375; x_wconf 87' lang='lat' dir='ltr'>post</span> <span class='ocrx_word' id='word_1_43' title='bbox 1284 330 1446 365; x_wconf 88' lang='lat' dir='ltr'>lubricum</span> 
     </span>
    </p>

    <p class='ocr_par' dir='ltr' id='par_1_14' title="bbox 930 381 1441 464">
     <span class='ocr_line' id='line_1_19' title="bbox 930 381 1367 425; baseline -0.007 -9"><span class='ocrx_word' id='word_1_44' title='bbox 930 383 1154 425; x_wconf 75' lang='lat' dir='ltr'>speculemur,</span> <span class='ocrx_word' id='word_1_45' title='bbox 1182 383 1275 424; x_wconf 81' lang='lat' dir='ltr'>virgo</span> <span class='ocrx_word' id='word_1_46' title='bbox 1303 381 1367 421; x_wconf 84' lang='lat' dir='ltr'>dia,</span> 
     </span>
     <span class='ocr_line' id='line_1_20' title="bbox 979 428 1441 464; baseline -0.004 0"><span class='ocrx_word' id='word_1_47' title='bbox 979 432 1101 464; x_wconf 84' lang='lat' dir='ltr'>Tecum</span> <span class='ocrx_word' id='word_1_48' title='bbox 1125 440 1245 464; x_wconf 89' lang='lat' dir='ltr'>numen</span> <span class='ocrx_word' id='word_1_49' title='bbox 1273 428 1441 463; x_wconf 87' lang='lat' dir='ltr'>caelicum.</span> 
     </span>
    </p>
   </div>
   <div class='ocr_carea' id='block_1_11' title="bbox 195 643 1488 2447">
    <p class='ocr_par' dir='ltr' id='par_1_15' title="bbox 224 643 1352 740">
     <span class='ocr_line' id='line_1_21' title="bbox 224 643 1352 689; baseline -0.006 -6"><span class='ocrx_word' id='word_1_50' title='bbox 224 649 332 689; x_wconf 82' lang='lat' dir='ltr'>Salve,</span> <span class='ocrx_word' id='word_1_51' title='bbox 359 656 495 689; x_wconf 84' lang='lat' dir='ltr'>surgens</span> <span class='ocrx_word' id='word_1_52' title='bbox 522 656 541 679; x_wconf 93' lang='lat' dir='ltr'>o</span> <span class='ocrx_word' id='word_1_53' title='bbox 569 648 689 681; x_wconf 80' lang='lat' dir='ltr'>decora</span> <span class='ocrx_word' id='word_1_54' title='bbox 842 646 900 680; x_wconf 85' lang='lat'>46.</span> <span class='ocrx_word' id='word_1_55' title='bbox 928 645 1036 689; x_wconf 84' lang='lat' dir='ltr'>Salve,</span> <span class='ocrx_word' id='word_1_56' title='bbox 1066 647 1173 677; x_wconf 86' lang='lat' dir='ltr'>mater</span> <span class='ocrx_word' id='word_1_57' title='bbox 1199 653 1217 677; x_wconf 95' lang='lat' dir='ltr'>o</span> <span class='ocrx_word' id='word_1_58' title='bbox 1242 643 1352 677; x_wconf 82' lang='lat' dir='ltr'>Maria</span> 
     </span>
     <span class='ocr_line' id='line_1_22' title="bbox 268 692 1306 740; baseline -0.007 -9"><span class='ocrx_word' id='word_1_59' title='bbox 268 697 384 731; x_wconf 81' lang='lat' dir='ltr'>Nobili</span> <span class='ocrx_word' id='word_1_60' title='bbox 409 697 578 740; x_wconf 83' lang='lat' dir='ltr'>progenie,</span> <span class='ocrx_word' id='word_1_61' title='bbox 974 694 1141 735; x_wconf 77' lang='lat' dir='ltr'>virgoque</span> <span class='ocrx_word' id='word_1_62' title='bbox 1167 692 1306 736; x_wconf 86' lang='lat' dir='ltr'>egregia,</span> 
     </span>
    </p>

    <p class='ocr_par' dir='ltr' id='par_1_16' title="bbox 223 742 1313 836">
     <span class='ocr_line' id='line_1_23' title="bbox 223 742 1227 784; baseline -0.008 -3"><span class='ocrx_word' id='word_1_63' title='bbox 223 747 324 781; x_wconf 89' lang='lat' dir='ltr'>Mane</span> <span class='ocrx_word' id='word_1_64' title='bbox 347 746 450 780; x_wconf 86' lang='lat' dir='ltr'>veluti</span> <span class='ocrx_word' id='word_1_65' title='bbox 475 755 594 779; x_wconf 84' lang='lat' dir='ltr'>aurora</span> <span class='ocrx_word' id='word_1_66' title='bbox 929 744 1010 777; x_wconf 88' lang='lat' dir='ltr'>Orta</span> <span class='ocrx_word' id='word_1_67' title='bbox 1034 742 1227 784; x_wconf 80' lang='lat' dir='ltr'>genealogia</span> 
     </span>
     <span class='ocr_line' id='line_1_24' title="bbox 273 789 1313 836; baseline -0.006 -8"><span class='ocrx_word' id='word_1_68' title='bbox 273 796 426 829; x_wconf 82' lang='lat' dir='ltr'>Rutilans</span> <span class='ocrx_word' id='word_1_69' title='bbox 451 795 486 828; x_wconf 88' lang='lat' dir='ltr'>in</span> <span class='ocrx_word' id='word_1_70' title='bbox 512 792 608 836; x_wconf 78' lang='lat' dir='ltr'>facie,</span> <span class='ocrx_word' id='word_1_71' title='bbox 978 791 1119 825; x_wconf 83' lang='lat' dir='ltr'>Davidis</span> <span class='ocrx_word' id='word_1_72' title='bbox 1147 799 1186 824; x_wconf 84' lang='lat' dir='ltr'>ex</span> <span class='ocrx_word' id='word_1_73' title='bbox 1213 789 1313 834; x_wconf 80' lang='lat' dir='ltr'>regia,</span> 
     </span>
    </p>

    <p class='ocr_par' dir='ltr' id='par_1_17' title="bbox 225 838 1373 935">
     <span class='ocr_line' id='line_1_25' title="bbox 225 838 1373 886; baseline -0.007 -7"><span class='ocrx_word' id='word_1_74' title='bbox 225 845 326 886; x_wconf 85' lang='lat' dir='ltr'>Apud</span> <span class='ocrx_word' id='word_1_75' title='bbox 351 844 452 877; x_wconf 88' lang='lat' dir='ltr'>filium</span> <span class='ocrx_word' id='word_1_76' title='bbox 479 844 620 884; x_wconf 87' lang='lat' dir='ltr'>implora</span> <span class='ocrx_word' id='word_1_77' title='bbox 930 841 1031 876; x_wconf 82' lang='lat' dir='ltr'>Salva</span> <span class='ocrx_word' id='word_1_78' title='bbox 1055 843 1164 873; x_wconf 88' lang='lat' dir='ltr'>mente</span> <span class='ocrx_word' id='word_1_79' title='bbox 1187 838 1295 873; x_wconf 87' lang='lat' dir='ltr'>fantes</span> <span class='ocrx_word' id='word_1_80' title='bbox 1320 838 1373 880; x_wconf 85' lang='lat' dir='ltr'>pia</span> 
     </span>
     <span class='ocr_line' id='line_1_26' title="bbox 272 888 1259 935; baseline -0.007 -8"><span class='ocrx_word' id='word_1_81' title='bbox 272 892 377 927; x_wconf 86' lang='lat' dir='ltr'>Nobis</span> <span class='ocrx_word' id='word_1_82' title='bbox 405 892 524 926; x_wconf 88' lang='lat' dir='ltr'>donum</span> <span class='ocrx_word' id='word_1_83' title='bbox 547 892 683 935; x_wconf 80' lang='lat' dir='ltr'>gratiae.</span> <span class='ocrx_word' id='word_1_84' title='bbox 979 890 1052 922; x_wconf 87' lang='lat' dir='ltr'>Tua</span> <span class='ocrx_word' id='word_1_85' title='bbox 1077 888 1259 931; x_wconf 83' lang='lat' dir='ltr'>privilegia.</span> 
     </span>
    </p>

    <p class='ocr_par' dir='ltr' id='par_1_18' title="bbox 228 997 1340 1092">
     <span class='ocr_line' id='line_1_27' title="bbox 228 997 1329 1043; baseline -0.005 -9"><span class='ocrx_word' id='word_1_86' title='bbox 228 1000 336 1042; x_wconf 86' lang='lat' dir='ltr'>Salve,</span> <span class='ocrx_word' id='word_1_87' title='bbox 362 1002 477 1043; x_wconf 86' lang='lat' dir='ltr'>mater,</span> <span class='ocrx_word' id='word_1_88' title='bbox 497 1000 597 1040; x_wconf 88' lang='lat' dir='ltr'>salve,</span> <span class='ocrx_word' id='word_1_89' title='bbox 618 1000 769 1041; x_wconf 87' lang='lat' dir='ltr'>clemens,</span> <span class='ocrx_word' id='word_1_90' title='bbox 842 998 900 1033; x_wconf 82' lang='lat'>47.</span> <span class='ocrx_word' id='word_1_91' title='bbox 928 997 1035 1041; x_wconf 84' lang='lat' dir='ltr'>Salve,</span> <span class='ocrx_word' id='word_1_92' title='bbox 1061 997 1175 1038; x_wconf 85' lang='lat' dir='ltr'>regina</span> <span class='ocrx_word' id='word_1_93' title='bbox 1200 997 1329 1037; x_wconf 87' lang='lat' dir='ltr'>decora,</span> 
     </span>
     <span class='ocr_line' id='line_1_28' title="bbox 274 1044 1340 1092; baseline -0.006 -10"><span class='ocrx_word' id='word_1_94' title='bbox 274 1049 381 1090; x_wconf 81' lang='lat' dir='ltr'>Salve,</span> <span class='ocrx_word' id='word_1_95' title='bbox 408 1049 507 1092; x_wconf 82' lang='lat' dir='ltr'>plena</span> <span class='ocrx_word' id='word_1_96' title='bbox 531 1048 649 1089; x_wconf 84' lang='lat' dir='ltr'>gratia,</span> <span class='ocrx_word' id='word_1_97' title='bbox 975 1046 1076 1079; x_wconf 80' lang='lat' dir='ltr'>Iustis</span> <span class='ocrx_word' id='word_1_98' title='bbox 1103 1044 1340 1086; x_wconf 73' lang='lat' dir='ltr'>convertibilis,</span> 
     </span>
    </p>

    <p class='ocr_par' dir='ltr' id='par_1_19' title="bbox 225 1095 1351 1191">
     <span class='ocr_line' id='line_1_29' title="bbox 225 1095 1351 1139; baseline -0.004 -8"><span class='ocrx_word' id='word_1_99' title='bbox 225 1098 280 1131; x_wconf 88' lang='lat' dir='ltr'>Ad</span> <span class='ocrx_word' id='word_1_100' title='bbox 298 1107 394 1139; x_wconf 84' lang='lat' dir='ltr'>quam</span> <span class='ocrx_word' id='word_1_101' title='bbox 407 1101 521 1131; x_wconf 83' lang='lat' dir='ltr'>sancta</span> <span class='ocrx_word' id='word_1_102' title='bbox 530 1097 630 1130; x_wconf 87' lang='lat' dir='ltr'>corde</span> <span class='ocrx_word' id='word_1_103' title='bbox 639 1105 770 1138; x_wconf 87' lang='lat' dir='ltr'>gemens</span> <span class='ocrx_word' id='word_1_104' title='bbox 927 1095 1080 1129; x_wconf 84' lang='lat' dir='ltr'>Rutilans</span> <span class='ocrx_word' id='word_1_105' title='bbox 1105 1095 1197 1127; x_wconf 84' lang='lat' dir='ltr'>velut</span> <span class='ocrx_word' id='word_1_106' title='bbox 1222 1103 1351 1138; x_wconf 83' lang='lat' dir='ltr'>aurora,</span> 
     </span>
     <span class='ocr_line' id='line_1_30' title="bbox 276 1142 1315 1191; baseline -0.004 -12"><span class='ocrx_word' id='word_1_107' title='bbox 276 1147 429 1187; x_wconf 78' lang='lat' dir='ltr'>Suspirat</span> <span class='ocrx_word' id='word_1_108' title='bbox 453 1146 602 1191; x_wconf 84' lang='lat' dir='ltr'>ecclesia,</span> <span class='ocrx_word' id='word_1_109' title='bbox 978 1144 1120 1177; x_wconf 78' lang='lat' dir='ltr'>Satanae</span> <span class='ocrx_word' id='word_1_110' title='bbox 1143 1142 1315 1184; x_wconf 85' lang='lat' dir='ltr'>terribilis,</span> 
     </span>
    </p>

    <p class='ocr_par' dir='ltr' id='par_1_20' title="bbox 225 1192 1448 1279">
     <span class='ocr_line' id='line_1_31' title="bbox 225 1192 1448 1236; baseline -0.002 -8"><span class='ocrx_word' id='word_1_111' title='bbox 225 1196 326 1236; x_wconf 73' lang='lat' dir='ltr'>Quam</span> <span class='ocrx_word' id='word_1_112' title='bbox 354 1197 489 1228; x_wconf 88' lang='lat' dir='ltr'>conatur</span> <span class='ocrx_word' id='word_1_113' title='bbox 506 1195 609 1228; x_wconf 87' lang='lat' dir='ltr'>hostis</span> <span class='ocrx_word' id='word_1_114' title='bbox 628 1193 771 1228; x_wconf 83' lang='lat' dir='ltr'>fremens</span> <span class='ocrx_word' id='word_1_115' title='bbox 931 1194 994 1234; x_wconf 87' lang='lat' dir='ltr'>Da,</span> <span class='ocrx_word' id='word_1_116' title='bbox 1021 1202 1063 1225; x_wconf 88' lang='lat' dir='ltr'>ne</span> <span class='ocrx_word' id='word_1_117' title='bbox 1088 1193 1202 1225; x_wconf 81' lang='lat' dir='ltr'>laedat</span> <span class='ocrx_word' id='word_1_118' title='bbox 1225 1192 1341 1225; x_wconf 87' lang='lat' dir='ltr'>mortis</span> <span class='ocrx_word' id='word_1_119' title='bbox 1366 1192 1448 1226; x_wconf 85' lang='lat' dir='ltr'>hora</span> 
     </span>
     <span class='ocr_line' id='line_1_32' title="bbox 272 1240 1342 1279; baseline -0.002 -2"><span class='ocrx_word' id='word_1_120' title='bbox 272 1245 404 1278; x_wconf 86' lang='lat' dir='ltr'>Ducere</span> <span class='ocrx_word' id='word_1_121' title='bbox 428 1245 464 1277; x_wconf 90' lang='lat' dir='ltr'>in</span> <span class='ocrx_word' id='word_1_122' title='bbox 487 1244 588 1279; x_wconf 79' lang='lat' dir='ltr'>invia.</span> <span class='ocrx_word' id='word_1_123' title='bbox 981 1241 1052 1275; x_wconf 74' lang='lat' dir='ltr'>Nos</span> <span class='ocrx_word' id='word_1_124' title='bbox 1076 1242 1137 1274; x_wconf 86' lang='lat' dir='ltr'>ille</span> <span class='ocrx_word' id='word_1_125' title='bbox 1160 1240 1342 1275; x_wconf 82' lang='lat' dir='ltr'>horribilis.</span> 
     </span>
    </p>

    <p class='ocr_par' dir='ltr' id='par_1_21' title="bbox 195 1349 1417 1395">
     <span class='ocr_line' id='line_1_33' title="bbox 195 1349 1417 1395; baseline -0.003 -9"><span class='ocrx_word' id='word_1_126' title='bbox 195 1380 202 1386; x_wconf 95' lang='lat'>.</span> <span class='ocrx_word' id='word_1_127' title='bbox 230 1351 338 1395; x_wconf 83' lang='lat' dir='ltr'>Salve,</span> <span class='ocrx_word' id='word_1_128' title='bbox 367 1352 457 1384; x_wconf 89' lang='lat' dir='ltr'>cuius</span> <span class='ocrx_word' id='word_1_129' title='bbox 482 1360 564 1394; x_wconf 90' lang='lat' dir='ltr'>prae</span> <span class='ocrx_word' id='word_1_130' title='bbox 589 1361 699 1385; x_wconf 87' lang='lat' dir='ltr'>amore</span> <span class='ocrx_word' id='word_1_131' title='bbox 845 1352 903 1385; x_wconf 80' lang='lat'>48.</span> <span class='ocrx_word' id='word_1_132' title='bbox 932 1350 1038 1391; x_wconf 85' lang='lat' dir='ltr'>Salve,</span> <span class='ocrx_word' id='word_1_133' title='bbox 1066 1350 1170 1393; x_wconf 87' lang='lat' dir='ltr'>virgo,</span> <span class='ocrx_word' id='word_1_134' title='bbox 1198 1350 1301 1391; x_wconf 71' lang='lat' dir='ltr'>salve,</span> <span class='ocrx_word' id='word_1_135' title='bbox 1328 1349 1417 1383; x_wconf 87' lang='lat' dir='ltr'>mitis</span> 
     </span>
    </p>

    <p class='ocr_par' dir='ltr' id='par_1_22' title="bbox 272 1399 1409 1443">
     <span class='ocr_line' id='line_1_34' title="bbox 272 1399 1409 1443; baseline -0.003 -9"><span class='ocrx_word' id='word_1_136' title='bbox 272 1401 345 1434; x_wconf 77' lang='lat' dir='ltr'>Vox</span> <span class='ocrx_word' id='word_1_137' title='bbox 372 1404 421 1433; x_wconf 89' lang='lat' dir='ltr'>est</span> <span class='ocrx_word' id='word_1_138' title='bbox 446 1399 535 1433; x_wconf 88' lang='lat' dir='ltr'>facta</span> <span class='ocrx_word' id='word_1_139' title='bbox 559 1400 725 1443; x_wconf 85' lang='lat' dir='ltr'>languida,</span> <span class='ocrx_word' id='word_1_140' title='bbox 977 1399 1088 1432; x_wconf 82' lang='lat' dir='ltr'>Mater</span> <span class='ocrx_word' id='word_1_141' title='bbox 1113 1399 1231 1431; x_wconf 88' lang='lat' dir='ltr'>summi</span> <span class='ocrx_word' id='word_1_142' title='bbox 1256 1399 1409 1440; x_wconf 86' lang='lat' dir='ltr'>numinis,</span> 
     </span>
    </p>

    <p class='ocr_par' dir='ltr' id='par_1_23' title="bbox 229 1447 1326 1539">
     <span class='ocr_line' id='line_1_35' title="bbox 229 1447 1326 1492; baseline -0.002 -9"><span class='ocrx_word' id='word_1_143' title='bbox 229 1449 337 1492; x_wconf 80' lang='lat' dir='ltr'>Caput</span> <span class='ocrx_word' id='word_1_144' title='bbox 361 1452 453 1482; x_wconf 86' lang='lat' dir='ltr'>tuum</span> <span class='ocrx_word' id='word_1_145' title='bbox 478 1450 611 1490; x_wconf 85' lang='lat' dir='ltr'>plenum</span> <span class='ocrx_word' id='word_1_146' title='bbox 637 1458 712 1482; x_wconf 86' lang='lat' dir='ltr'>rore</span> <span class='ocrx_word' id='word_1_147' title='bbox 930 1448 1034 1482; x_wconf 86' lang='lat' dir='ltr'>Nobis</span> <span class='ocrx_word' id='word_1_148' title='bbox 1059 1457 1162 1489; x_wconf 88' lang='lat' dir='ltr'>prave</span> <span class='ocrx_word' id='word_1_149' title='bbox 1187 1447 1326 1481; x_wconf 75' lang='lat' dir='ltr'>irretitis</span> 
     </span>
     <span class='ocr_line' id='line_1_36' title="bbox 276 1496 1325 1539; baseline -0.002 -8"><span class='ocrx_word' id='word_1_150' title='bbox 276 1498 428 1532; x_wconf 82' lang='lat' dir='ltr'>Distillat</span> <span class='ocrx_word' id='word_1_151' title='bbox 453 1501 610 1532; x_wconf 78' lang='lat' dir='ltr'>aromata.</span> <span class='ocrx_word' id='word_1_152' title='bbox 980 1496 1086 1539; x_wconf 79' lang='lat' dir='ltr'>Culpa</span> <span class='ocrx_word' id='word_1_153' title='bbox 1110 1496 1325 1539; x_wconf 82' lang='lat' dir='ltr'>turpitudinis</span> 
     </span>
    </p>

    <p class='ocr_par' dir='ltr' id='par_1_24' title="bbox 229 1546 1411 1630">
     <span class='ocr_line' id='line_1_37' title="bbox 229 1546 1411 1588; baseline -0.003 -7"><span class='ocrx_word' id='word_1_154' title='bbox 229 1547 338 1581; x_wconf 84' lang='lat' dir='ltr'>Corda</span> <span class='ocrx_word' id='word_1_155' title='bbox 362 1548 476 1580; x_wconf 88' lang='lat' dir='ltr'>nostra</span> <span class='ocrx_word' id='word_1_156' title='bbox 499 1556 560 1588; x_wconf 89' lang='lat' dir='ltr'>pro</span> <span class='ocrx_word' id='word_1_157' title='bbox 587 1547 710 1580; x_wconf 84' lang='lat' dir='ltr'>honore</span> <span class='ocrx_word' id='word_1_158' title='bbox 931 1546 985 1579; x_wconf 87' lang='lat' dir='ltr'>Da</span> <span class='ocrx_word' id='word_1_159' title='bbox 1009 1546 1125 1579; x_wconf 85' lang='lat' dir='ltr'>videre</span> <span class='ocrx_word' id='word_1_160' title='bbox 1149 1555 1237 1579; x_wconf 87' lang='lat' dir='ltr'>nunc</span> <span class='ocrx_word' id='word_1_161' title='bbox 1263 1546 1411 1579; x_wconf 82' lang='lat' dir='ltr'>contritis</span> 
     </span>
     <span class='ocr_line' id='line_1_38' title="bbox 278 1594 1380 1630; baseline -0.002 -1"><span class='ocrx_word' id='word_1_162' title='bbox 278 1596 348 1629; x_wconf 84' lang='lat' dir='ltr'>Tuo</span> <span class='ocrx_word' id='word_1_163' title='bbox 374 1605 455 1629; x_wconf 88' lang='lat' dir='ltr'>sana</span> <span class='ocrx_word' id='word_1_164' title='bbox 478 1596 640 1630; x_wconf 84' lang='lat' dir='ltr'>morbida.</span> <span class='ocrx_word' id='word_1_165' title='bbox 979 1594 1111 1628; x_wconf 83' lang='lat' dir='ltr'>Vultum</span> <span class='ocrx_word' id='word_1_166' title='bbox 1139 1595 1211 1628; x_wconf 86' lang='lat' dir='ltr'>veri</span> <span class='ocrx_word' id='word_1_167' title='bbox 1236 1595 1380 1628; x_wconf 89' lang='lat' dir='ltr'>luminis.</span> 
     </span>
    </p>

    <p class='ocr_par' dir='ltr' id='par_1_25' title="bbox 230 1703 1476 1794">
     <span class='ocr_line' id='line_1_39' title="bbox 230 1703 1476 1747; baseline 0 -11"><span class='ocrx_word' id='word_1_168' title='bbox 230 1703 338 1747; x_wconf 83' lang='lat' dir='ltr'>Salve,</span> <span class='ocrx_word' id='word_1_169' title='bbox 363 1704 466 1737; x_wconf 80' lang='lat' dir='ltr'>saltus</span> <span class='ocrx_word' id='word_1_170' title='bbox 491 1713 511 1737; x_wconf 89' lang='lat' dir='ltr'>o</span> <span class='ocrx_word' id='word_1_171' title='bbox 536 1704 680 1737; x_wconf 83' lang='lat' dir='ltr'>vernalis</span> <span class='ocrx_word' id='word_1_172' title='bbox 846 1706 903 1739; x_wconf 77' lang='lat'>49.</span> <span class='ocrx_word' id='word_1_173' title='bbox 932 1704 1041 1745; x_wconf 78' lang='lat' dir='ltr'>Salve,</span> <span class='ocrx_word' id='word_1_174' title='bbox 1066 1704 1161 1736; x_wconf 81' lang='lat' dir='ltr'>bonis</span> <span class='ocrx_word' id='word_1_175' title='bbox 1187 1704 1322 1744; x_wconf 84' lang='lat' dir='ltr'>plenum</span> <span class='ocrx_word' id='word_1_176' title='bbox 1348 1703 1476 1736; x_wconf 78' lang='lat' dir='ltr'>cunctis</span> 
     </span>
     <span class='ocr_line' id='line_1_40' title="bbox 274 1752 1329 1794; baseline 0 -9"><span class='ocrx_word' id='word_1_177' title='bbox 274 1752 430 1786; x_wconf 86' lang='lat' dir='ltr'>Floridus</span> <span class='ocrx_word' id='word_1_178' title='bbox 457 1752 644 1789; x_wconf 75' lang='lat' dir='ltr'>virtutibus,</span> <span class='ocrx_word' id='word_1_179' title='bbox 979 1752 1112 1786; x_wconf 87' lang='lat' dir='ltr'>Domini</span> <span class='ocrx_word' id='word_1_180' title='bbox 1138 1754 1329 1794; x_wconf 84' lang='lat' dir='ltr'>sacrarium,</span> 
     </span>
    </p>

    <p class='ocr_par' dir='ltr' id='par_1_26' title="bbox 227 1800 1484 1993">
     <span class='ocr_line' id='line_1_41' title="bbox 227 1800 1484 1844; baseline 0.001 -10"><span class='ocrx_word' id='word_1_181' title='bbox 227 1801 265 1834; x_wconf 80' lang='lat' dir='ltr'>In</span> <span class='ocrx_word' id='word_1_182' title='bbox 294 1810 355 1842; x_wconf 86' lang='lat' dir='ltr'>quo</span> <span class='ocrx_word' id='word_1_183' title='bbox 380 1811 468 1844; x_wconf 80' lang='lat' dir='ltr'>rosa,</span> <span class='ocrx_word' id='word_1_184' title='bbox 493 1800 555 1834; x_wconf 84' lang='lat' dir='ltr'>fios</span> <span class='ocrx_word' id='word_1_185' title='bbox 578 1803 710 1844; x_wconf 82' lang='lat' dir='ltr'>regalis,</span> <span class='ocrx_word' id='word_1_186' title='bbox 930 1803 999 1836; x_wconf 84' lang='lat' dir='ltr'>Pro</span> <span class='ocrx_word' id='word_1_187' title='bbox 1024 1803 1170 1843; x_wconf 87' lang='lat' dir='ltr'>peccatis</span> <span class='ocrx_word' id='word_1_188' title='bbox 1193 1802 1258 1835; x_wconf 85' lang='lat' dir='ltr'>iam</span> <span class='ocrx_word' id='word_1_189' title='bbox 1279 1802 1484 1844; x_wconf 82' lang='lat' dir='ltr'>compunctis</span> 
     </span>
     <span class='ocr_line' id='line_1_42' title="bbox 276 1850 1375 1896; baseline 0.002 -13"><span class='ocrx_word' id='word_1_190' title='bbox 276 1850 418 1884; x_wconf 83' lang='lat' dir='ltr'>Redolet</span> <span class='ocrx_word' id='word_1_191' title='bbox 444 1860 525 1892; x_wconf 87' lang='lat' dir='ltr'>prae</span> <span class='ocrx_word' id='word_1_192' title='bbox 550 1851 708 1896; x_wconf 80' lang='lat' dir='ltr'>omnibus,</span> <span class='ocrx_word' id='word_1_193' title='bbox 982 1851 1073 1885; x_wconf 84' lang='lat' dir='ltr'>Caeli</span> <span class='ocrx_word' id='word_1_194' title='bbox 1101 1851 1182 1884; x_wconf 89' lang='lat' dir='ltr'>dans</span> <span class='ocrx_word' id='word_1_195' title='bbox 1208 1852 1375 1895; x_wconf 87' lang='lat' dir='ltr'>solarium,</span> 
     </span>
     <span class='ocr_line' id='line_1_43' title="bbox 228 1899 1434 1935; baseline 0.001 -3"><span class='ocrx_word' id='word_1_196' title='bbox 228 1899 333 1933; x_wconf 81' lang='lat' dir='ltr'>Amor</span> <span class='ocrx_word' id='word_1_197' title='bbox 355 1902 429 1933; x_wconf 85' lang='lat' dir='ltr'>tuus</span> <span class='ocrx_word' id='word_1_198' title='bbox 454 1900 644 1933; x_wconf 83' lang='lat' dir='ltr'>maternalis</span> <span class='ocrx_word' id='word_1_199' title='bbox 930 1901 1066 1935; x_wconf 79' lang='lat' dir='ltr'>Nostris</span> <span class='ocrx_word' id='word_1_200' title='bbox 1095 1901 1176 1934; x_wconf 86' lang='lat' dir='ltr'>vivis</span> <span class='ocrx_word' id='word_1_201' title='bbox 1202 1910 1240 1934; x_wconf 87' lang='lat' dir='ltr'>ac</span> <span class='ocrx_word' id='word_1_202' title='bbox 1268 1900 1434 1935; x_wconf 76' lang='lat' dir='ltr'>defunctis</span> 
     </span>
     <span class='ocr_line' id='line_1_44' title="bbox 274 1948 1426 1993; baseline 0.003 -12"><span class='ocrx_word' id='word_1_203' title='bbox 274 1948 345 1981; x_wconf 86' lang='lat' dir='ltr'>Iam</span> <span class='ocrx_word' id='word_1_204' title='bbox 369 1952 540 1983; x_wconf 74' lang='lat' dir='ltr'>succurrat</span> <span class='ocrx_word' id='word_1_205' title='bbox 569 1949 730 1986; x_wconf 85' lang='lat' dir='ltr'>tristibus.</span> <span class='ocrx_word' id='word_1_206' title='bbox 979 1950 1116 1993; x_wconf 88' lang='lat' dir='ltr'>Semper</span> <span class='ocrx_word' id='word_1_207' title='bbox 1141 1951 1186 1983; x_wconf 89' lang='lat' dir='ltr'>sis</span> <span class='ocrx_word' id='word_1_208' title='bbox 1212 1951 1426 1991; x_wconf 82' lang='lat' dir='ltr'>praesidium.</span> 
     </span>
    </p>

    <p class='ocr_par' dir='ltr' id='par_1_27' title="bbox 231 2055 1440 2149">
     <span class='ocr_line' id='line_1_45' title="bbox 231 2055 1369 2102; baseline 0.004 -15"><span class='ocrx_word' id='word_1_209' title='bbox 231 2055 338 2097; x_wconf 80' lang='lat' dir='ltr'>Salve,</span> <span class='ocrx_word' id='word_1_210' title='bbox 368 2065 499 2096; x_wconf 85' lang='lat' dir='ltr'>campus</span> <span class='ocrx_word' id='word_1_211' title='bbox 526 2056 649 2089; x_wconf 77' lang='lat' dir='ltr'>liliatas</span> <span class='ocrx_word' id='word_1_212' title='bbox 846 2060 903 2093; x_wconf 87' lang='lat'>50.</span> <span class='ocrx_word' id='word_1_213' title='bbox 932 2058 1040 2099; x_wconf 86' lang='lat' dir='ltr'>Salve,</span> <span class='ocrx_word' id='word_1_214' title='bbox 1070 2057 1175 2092; x_wconf 88' lang='lat' dir='ltr'>dulcis</span> <span class='ocrx_word' id='word_1_215' title='bbox 1202 2067 1221 2091; x_wconf 92' lang='lat'>0</span> <span class='ocrx_word' id='word_1_216' title='bbox 1246 2059 1369 2102; x_wconf 82' lang='lat' dir='ltr'>Maria,</span> 
     </span>
     <span class='ocr_line' id='line_1_46' title="bbox 277 2105 1440 2149; baseline 0.004 -13"><span class='ocrx_word' id='word_1_217' title='bbox 277 2105 379 2137; x_wconf 86' lang='lat' dir='ltr'>Flore</span> <span class='ocrx_word' id='word_1_218' title='bbox 403 2105 583 2146; x_wconf 85' lang='lat' dir='ltr'>pudicitiae</span> <span class='ocrx_word' id='word_1_219' title='bbox 983 2106 1107 2140; x_wconf 82' lang='lat' dir='ltr'>Nostra</span> <span class='ocrx_word' id='word_1_220' title='bbox 1132 2116 1208 2148; x_wconf 89' lang='lat' dir='ltr'>spes</span> <span class='ocrx_word' id='word_1_221' title='bbox 1235 2111 1269 2140; x_wconf 78' lang='lat' dir='ltr'>et,</span> <span class='ocrx_word' id='word_1_222' title='bbox 1296 2108 1440 2149; x_wconf 89' lang='lat' dir='ltr'>domina,</span> 
     </span>
    </p>

    <p class='ocr_par' dir='ltr' id='par_1_28' title="bbox 229 2152 1449 2246">
     <span class='ocr_line' id='line_1_47' title="bbox 229 2152 1449 2198; baseline 0.005 -13"><span class='ocrx_word' id='word_1_223' title='bbox 229 2152 455 2195; x_wconf 84' lang='lat' dir='ltr'>Hortulusque</span> <span class='ocrx_word' id='word_1_224' title='bbox 479 2154 635 2195; x_wconf 85' lang='lat' dir='ltr'>irrigatus</span> <span class='ocrx_word' id='word_1_225' title='bbox 933 2157 1036 2197; x_wconf 76' lang='lat' dir='ltr'>Quam</span> <span class='ocrx_word' id='word_1_226' title='bbox 1063 2156 1230 2189; x_wconf 82' lang='lat' dir='ltr'>collaudat</span> <span class='ocrx_word' id='word_1_227' title='bbox 1255 2160 1366 2190; x_wconf 85' lang='lat' dir='ltr'>mente</span> <span class='ocrx_word' id='word_1_228' title='bbox 1390 2158 1449 2198; x_wconf 84' lang='lat' dir='ltr'>pia</span> 
     </span>
     <span class='ocr_line' id='line_1_48' title="bbox 278 2201 1410 2246; baseline 0.004 -12"><span class='ocrx_word' id='word_1_229' title='bbox 278 2201 386 2235; x_wconf 83' lang='lat' dir='ltr'>Fonte</span> <span class='ocrx_word' id='word_1_230' title='bbox 410 2202 601 2246; x_wconf 85' lang='lat' dir='ltr'>sapientiae,</span> <span class='ocrx_word' id='word_1_231' title='bbox 982 2204 1085 2238; x_wconf 83' lang='lat' dir='ltr'>Trina</span> <span class='ocrx_word' id='word_1_232' title='bbox 1109 2214 1220 2238; x_wconf 88' lang='lat' dir='ltr'>rerum</span> <span class='ocrx_word' id='word_1_233' title='bbox 1246 2206 1410 2246; x_wconf 86' lang='lat' dir='ltr'>machina,</span> 
     </span>
    </p>

    <p class='ocr_par' dir='ltr' id='par_1_29' title="bbox 232 2249 1382 2340">
     <span class='ocr_line' id='line_1_49' title="bbox 232 2249 1382 2292; baseline 0.005 -9"><span class='ocrx_word' id='word_1_234' title='bbox 232 2249 443 2284; x_wconf 77' lang='lat' dir='ltr'>Reformatur</span> <span class='ocrx_word' id='word_1_235' title='bbox 468 2261 530 2292; x_wconf 82' lang='lat' dir='ltr'>quo</span> <span class='ocrx_word' id='word_1_236' title='bbox 558 2255 592 2284; x_wconf 81' lang='lat' dir='ltr'>et,</span> <span class='ocrx_word' id='word_1_237' title='bbox 615 2255 719 2285; x_wconf 79' lang='lat' dir='ltr'>status</span> <span class='ocrx_word' id='word_1_238' title='bbox 932 2253 1007 2286; x_wconf 87' lang='lat' dir='ltr'>Duc</span> <span class='ocrx_word' id='word_1_239' title='bbox 1031 2262 1091 2286; x_wconf 84' lang='lat' dir='ltr'>nos</span> <span class='ocrx_word' id='word_1_240' title='bbox 1117 2254 1181 2287; x_wconf 84' lang='lat' dir='ltr'>hac</span> <span class='ocrx_word' id='word_1_241' title='bbox 1206 2253 1301 2287; x_wconf 80' lang='lat' dir='ltr'>finita</span> <span class='ocrx_word' id='word_1_242' title='bbox 1324 2256 1382 2289; x_wconf 77' lang='lat' dir='ltr'>via</span> 
     </span>
     <span class='ocr_line' id='line_1_50' title="bbox 278 2299 1354 2340; baseline 0.006 -7"><span class='ocrx_word' id='word_1_243' title='bbox 278 2299 384 2334; x_wconf 88' lang='lat' dir='ltr'>Miser</span> <span class='ocrx_word' id='word_1_244' title='bbox 408 2300 474 2334; x_wconf 88' lang='lat' dir='ltr'>iam</span> <span class='ocrx_word' id='word_1_245' title='bbox 500 2301 668 2335; x_wconf 84' lang='lat' dir='ltr'>ecclesiae.</span> <span class='ocrx_word' id='word_1_246' title='bbox 985 2300 1075 2335; x_wconf 88' lang='lat' dir='ltr'>Caeli</span> <span class='ocrx_word' id='word_1_247' title='bbox 1101 2303 1145 2335; x_wconf 86' lang='lat' dir='ltr'>ad</span> <span class='ocrx_word' id='word_1_248' title='bbox 1166 2303 1354 2340; x_wconf 84' lang='lat' dir='ltr'>intermina.</span> 
     </span>
    </p>

    <p class='ocr_par' dir='ltr' id='par_1_30' title="bbox 212 2405 1488 2447">
     <span class='ocr_line' id='line_1_51' title="bbox 212 2405 1488 2447; baseline -0.001 -11"><span class='ocrx_word' id='word_1_249' title='bbox 212 2408 294 2437; x_wconf 84' lang='lat' dir='ltr'>Orat.</span> <span class='ocrx_word' id='word_1_250' title='bbox 326 2415 380 2436; x_wconf 82' lang='lat' dir='ltr'>ms,</span> <span class='ocrx_word' id='word_1_251' title='bbox 406 2408 593 2444; x_wconf 82' lang='lat' dir='ltr'>Tegurinum</span> <span class='ocrx_word' id='word_1_252' title='bbox 623 2415 702 2436; x_wconf 86' lang='lat' dir='ltr'>saec.</span> <span class='ocrx_word' id='word_1_253' title='bbox 734 2405 779 2436; x_wconf 88' lang='lat'>15.</span> <span class='ocrx_word' id='word_1_254' title='bbox 808 2408 882 2437; x_wconf 84' lang='lat' dir='ltr'>Glm.</span> <span class='ocrx_word' id='word_1_255' title='bbox 910 2408 1069 2437; x_wconf 80' lang='lat' dir='ltr'>Monacen.</span> <span class='ocrx_word' id='word_1_256' title='bbox 1103 2406 1211 2438; x_wconf 77' lang='lat'>19824.</span> <span class='ocrx_word' id='word_1_257' title='bbox 1240 2427 1280 2432; x_wconf 86' lang='grc'>--</span> <span class='ocrx_word' id='word_1_258' title='bbox 1306 2409 1333 2447; x_wconf 80' lang='lat'>3,</span> <span class='ocrx_word' id='word_1_259' title='bbox 1348 2411 1364 2441; x_wconf 83' lang='lat'>1</span> <span class='ocrx_word' id='word_1_260' title='bbox 1391 2418 1488 2443; x_wconf 64' lang='lat' dir='ltr'>mater</span> 
     </span>
    </p>
   </div>
   <div class='ocr_carea' id='block_1_12' title="bbox 1638 0 1650 276">
    <p class='ocr_par' dir='ltr' id='par_1_31' title="bbox 1638 0 1650 276">
     <span class='ocr_line' id='line_1_52' title="bbox 1638 0 1650 276; textangle 90"><span class='ocrx_word' id='word_1_261' title='bbox 1644 249 1650 276; x_wconf 87' lang='lat'><em>-</em></span> <span class='ocrx_word' id='word_1_262' title='bbox 1638 0 1650 216; x_wconf 50' lang='lat' dir='ltr'>...a—.-d</span> 
     </span>
    </p>
   </div>
  </div>
 </body>
</html>
