1650 2671
135 226 191 260 86.

137 650 195 684 87.

139 1073 197 1107 88.

139 1495 195 1528 89.

139 1919 195 1954 90„

136 2346 192 2381 91.

217 223 390 256 Fundator
415 221 560 255 omnium

265 272 338 305 Tua
361 271 520 317 potentia,

216 323 294 356 Vita
319 321 497 356 viventium

265 371 376 412 Atque
402 370 553 409 essentia,

218 420 366 462 Reginae
390 420 554 462 virginum

268 470 333 504 Per
359 473 473 505 sancta
498 469 616 501 merita

219 520 267 553 Te
294 518 551 553 collaudantium

269 569 396 603 Relaxa
422 568 543 602 debit-a.

223 647 332 682 Causa
356 645 487 681 vivifica

271 692 392 731 Rerum
417 696 607 736 viventium,

220 747 259 780 In
285 748 356 779 ‘cota
381 744 506 778 fabrica

271 794 390 829 Mundi
417 792 613 835 degentium,

222 844 333 878 Motus
359 842 521 876 mortifica

271 893 466 928 Nostrarum
492 891 647 924 mentium

221 943 286 977 Per
313 942 421 975 carnis
448 942 575 974 lubrica

272 992 367 1025 Vane
394 991 602 1024 currentium,

225 1071 250 1104 O
279 1079 334 1103 cor
360 1069 513 1103 altissimi

271 1119 438 1153 Eructans
465 1119 624 1160 optimum

227 1168 382 1210 Verbum,
411 1168 497 1210 quod
523 1167 623 1200 animi

277 1217 425 1259 Depellit
448 1217 604 1261 taedium,

229 1267 298 1301 Mei
322 1266 527 1309 pauperrimi

275 1315 358 1349 Esto
384 1314 575 1358 remedium,

224 1366 356 1399 Amoris
382 1364 490 1398 intimi

271 1415 448 1448 Praestans
475 1413 673 1446 incendium.

223 1494 350 1527 Lumen
376 1503 394 1526 o
420 1492 641 1534 splendidum,

273 1542 348 1576 Non
374 1541 616 1584 exstinguibile,

222 1593 353 1626 Amoris
379 1591 543 1625 fervidum

270 1642 362 1675 Dans
387 1640 595 1683 incessabile,

224 1691 289 1726 001·
313 1700 421 1724 meum
444 1690 589 1723 luridum

272 1740 321 1775 Ob
343 1740 453 1774 scelus
479 1738 589 1773 flebile

222 1790 293 1823 Fac
319 1790 381 1823 tibi
404 1790 563 1833 placitum

271 1840 317 1873 Et
341 1839 534 1874 habitabile.

223 1918 406 1960 Amplexus
434 1918 527 1951 deice

273 1967 516 2000 Indissolubilis

223 2017 269 2050 Et
294 2025 386 2050 amor
411 2018 506 2050 unice

271 2066 318 2100 Et
342 2065 557 2108 incessabilis„

221 2115 409 2150 Maerorem
438 2116 541 2149 disice

272 2166 366 2200 Servi
393 2166 565 2207 plorabilis

223 2216 336 2250 Ortum
364 2216 404 2249 ab
432 2216 581 2250 hosticae

271 2265 415 2299 Fraudis
442 2265 627 2299 tendiculis.

222 2347 247 2380 O
276 2346 395 2379 bonum
422 2346 563 2380 solidum

272 2396 406 2430 Cunctis
433 2396 580 2438 optabile

221 2447 267 2480 Et
290 2454 351 2487 per
377 2445 598 2487 quadrifidum

271 2494 390 2529 Orbem
416 2495 596 2537 laudabile,

678 120 917 157 ,19-ρ

841 449 898 482 92.

844 873 901 906 93.

846 1297 902 1330 94.

845 1722 903 1755 95.

847 2147 904 2181 96.

926 220 991 254 Gor
1016 226 1123 251 meum
1149 216 1306 251 stolidum

971 268 1022 301 Ac
1049 266 1245 301 detestabile

923 319 978 351 Ad
1005 317 1123 351 bonum
1148 315 1311 349 fervidum

973 367 1042 401 Fac
1068 369 1101 399 et
1124 364 1279 401 flexibile,

926 447 952 481 O
978 447 1133 488 princeps
1161 444 1253 479 deice

974 496 1015 529 ln
1041 495 1165 529 cunctis
1193 494 1363 528 dominans

928 547 978 579 Ac
1002 543 1193 587 potentifice

976 594 1130 629 Subiecta
1153 593 1321 636 ordinans,

927 644 1009 677 Esto
1032 642 1167 676 mitifice

975 692 1082 734 Super
1106 701 1165 725 nos
1191 692 1348 733 virgilans

928 743 1013 783 Quos
1039 741 1159 783 premit
1184 741 1310 774 hostiae

975 791 1092 824 Bellua
1116 790 1287 826 insidians

928 869 1165 912 Insuperabilis

977 919 1041 953 Dei
1065 918 1223 963 potentie,

927 968 1156 1010 Ineloquibilis

975 1018 1096 1052 Mundi
1120 1016 1287 1060 facundia,

928 1069 967 1101 In
994 1068 1058 1101 tuis
1085 1066 1217 1100 famulis

979 1117 1065 1150 Sana
1091 1115 1222 1157 debilia,

931 1166 1019 1207 Quae
1045 1169 1157 1199 causat
1180 1163 1298 1198 flebilis

981 1215 1106 1257 Culpae
1131 1215 1268 1248 malitia.

931 1295 957 1328 O
984 1295 1167 1328 anatomina

978 1345 1092 1377 Virtus
1117 1344 1283 1387 paracliti,

931 1394 1071 1427 Consors
1095 1393 1131 1425 in
1156 1394 1262 1435 gloria

979 1443 1088 1477 Patris
1116 1448 1149 1476 et
1174 1441 1245 1484 filii,

929 1492 1069 1527 Praesta
1096 1491 1233 1524 donaria

979 1541 1040 1575 Tui
1069 1541 1205 1583 consilii,

931 1591 978 1625 Ut
1004 1592 1102 1624 vitem
1128 1592 1226 1624 noxia

980 1641 1084 1675 Huius
1112 1640 1230 1673 exsilii.

930 1720 956 1754 O
982 1721 1040 1753 lux
1063 1718 1247 1762 fulgoribus

978 1769 1108 1803 Mic-,ans
1134 1767 1293 1812 mirificis,

931 1818 1147 1853 lnferioribus

979 1868 1107 1901 Lucens
1133 1870 1166 1900 eb
1191 1868 1333 1910 caelicis,

932 1918 1069 1952 Praesta
1095 1917 1283 1950 cantoribus

979 1967 1040 2001 His
1065 1967 1196 2010 hymnis
1221 1967 1346 2000 melicis

931 2017 1026 2059 Iungi
1050 2016 1223 2050 sonoribus

982 2066 1097 2102 Choris
1124 2066 1290 2108 angelicis.

934 2147 1042 2182 Unum
1067 2146 1242 2179 mirificum

983 2195 1104 2230 Oreata
1127 2205 1245 2230 uniens

931 2247 996 2280 Per
1022 2255 1093 2280 esse
1119 2246 1250 2280 unicum

980 2296 1137 2331 Omnibus
1164 2295 1380 2337 praeminens.

929 2345 999 2380 Ens
1026 2345 1287 2379 substantificum

980 2396 1113 2430 Cunctis
1138 2396 1331 2436 impertiens

931 2446 1059 2479 Statum
1085 2445 1267 2487 angelicum

978 2496 1060 2529 Post
1084 2498 1118 2527 te
1142 2495 1366 2533 constituens·¹

985 2547 992 2555 .
1263 2549 1304 2580 2*
