1650 2671
692 123 735 128 ψ
791 103 860 138 122
897 90 959 126 ⁴--

155 206 237 240 135.
254 206 335 247 Ave,
366 204 455 237 cuius
482 202 733 245 magnificentia,

254 254 452 286 Declaratur
478 252 587 284 multis
614 249 785 291 prodigiis,

255 302 379 335 Mentis
388 305 522 334 nostrae
527 302 710 340 purgentur
718 299 798 330 vitia

252 351 354 383 Dirae
379 350 495 382 mortis
522 351 597 380 tuae
622 346 796 387 suffragiis.

155 425 236 458 136.
250 424 334 463 Ave,
359 422 445 461 Iesu,

324 471 378 511 qui
404 470 559 503 mnndum
586 469 747 510 possides.

251 519 350 552 Hunc
375 528 447 551 cum
473 520 570 559 patre

327 568 511 609 gubernans
536 565 679 602 fortiter,

251 617 432 657 Babylonis
458 616 592 649 absolve
614 614 798 657 compedes,

258 666 372 706 Quibus
406 665 493 707 ligor
518 664 762 698 miserabiliter.

161 740 240 774 137.
255 741 337 779 Ave,
368 740 457 771 cuius
482 738 710 771 misericordia

258 789 467 821 Promeretur
479 797 540 828 per
554 787 798 831 paenitentiam,

259 837 461 879 Angelorum
485 835 579 869 nobis
607 835 757 869 custodia

254 886 359 919 Nobis
378 885 461 918 assit
477 895 537 926 per
550 887 640 919 tuam
649 884 800 927 gratiam.

160 961 241 995 138.
257 960 340 1000 Ave,
357 960 412 1001 qui
425 962 499 999 post
509 959 623 992 mortis
632 958 803 991 victoriam

256 1009 534 1050 Depraedatoque
558 1008 634 1041 lacu
657 1007 758 1040 inferi

256 1057 446 1090 Ascendisti
456 1058 499 1090 ad
505 1058 610 1100 patris
624 1056 803 1098 dexteram,

256 1107 326 1147 Ope
351 1106 445 1139 nobis
472 1114 626 1139 succurre
653 1105 763 1139 celen'.

160 1180 242 1215 139.
258 1180 340 1223 Ave,
366 1180 451 1222 Iesu,
481 1178 536 1220 qui
561 1182 634 1212 tuos
662 1179 764 1220 eripis

257 1228 386 1270 Servos,
413 1237 456 1261 ne
481 1229 610 1268 iniquus

328 1278 387 1311 hos
414 1278 589 1318 opprimat,

257 1327 387 1367 Rumpe
412 1326 515 1359 trucis

330 1375 475 1408 habenas
501 1375 646 1417 aucupis,

258 1425 310 1457 Ne
319 1425 352 1457 in
362 1425 470 1465 palam
483 1427 559 1465 post
570 1424 657 1457 virus
665 1426 801 1456 evomat.

161 1497 340 1537 140.Ave,
367 1507 427 1538 per
452 1507 546 1539 quem

332 1546 458 1579 hostem
484 1546 697 1588 sophisticum

261 1595 355 1629 Servi
381 1596 427 1628 tui
456 1595 620 1628 declinant
648 1596 783 1635 cautius,

263 1644 404 1678 Verbum
416 1645 529 1678 audias
543 1645 782 1685 publicamcum
796 1654 803 1677 :

260 1693 360 1729 Deus,
387 1698 455 1726 esto
483 1693 562 1727 mihi
588 1693 762 1735 propitius.

165 1767 244 1801 141.
259 1767 341 1807 Ave,
368 1771 480 1809 qui,in
509 1776 612 1809 agone
638 1766 763 1806 positus

260 1817 394 1849 Patrem
417 1825 500 1850 voce
526 1817 627 1850 orasti
651 1815 779 1857 humili,

262 1866 310 1897 Te
337 1874 435 1899 exoro
462 1874 575 1898 servus
600 1865 792 1909 immeritus,

261 1914 308 1947 Ut
331 1915 365 1947 in
389 1914 456 1947 fine
480 1923 653 1947 succurras
678 1913 793 1947 flebili.

168 1983 345 2020 142.Axe‚
373 1983 456 2023 Iesu,
486 1987 539 2024 qui
564 1986 597 2014 te
623 1982 807 2016 amantibus

265 2032 401 2071 Semper
427 2032 505 2064 ades
530 2032 798 2071 misericorditer,

264 2080 311 2112 Te
328 2081 476 2120 precanti
492 2081 636 2123 expansis
657 2080 807 2113 manibus

264 2128 372 2161 Adiux·
380 2137 472 2161 amen
498 2129 622 2170 praebe
640 2129 805 2164 velociter.

858 201 939 234 143.
955 200 1037 237 Ave,
1066 199 1156 232 cuius
1186 200 1226 232 de
1247 193 1475 239 promptuario

955 248 1129 282 Beatorum
1157 250 1338 289 pascuntur
1362 242 1503 283 animae,

955 297 1003 329 Te
1016 296 1204 330 laudantem
1219 296 1254 328 in
1267 296 1330 328 hoc
1343 290 1504 333 psalterio

956 346 987 377 A
1014 345 1164 386 malignis
1192 344 1331 385 benigne
1358 340 1495 374 redime.

860 405 940 437 144.
954 404 1036 442 Ave,
1064 412 1204 445 regnans
1231 398 1474 443 perpetualiter

958 452 1037 485 Cum
1065 452 1218 493 gignente

1033 503 1065 531 et
1090 503 1203 532 sancto
1230 500 1416 539 pneumate,

958 549 1027 582 Nos
1055 548 1152 580 elisos
1182 546 1416 580 miserabiliter

957 598 1187 630 Levanectens
1194 597 1353 628 iustorum
1361 593 1506 628 semitae.

959 657 1041 696 Ave,
1071 654 1180 687 cordis
1203 654 1266 686 mei
1293 652 1425 693 fiducia,

960 706 1018 739 Cui
1047 703 1199 745 psallam,
1226 702 1383 743 quamdiu
1402 700 1507 745 fuero,

959 754 1147 795 Fatigatum
1175 762 1236 793 per
1263 751 1366 784 multa
1393 750 1475 783 vitia

958 803 1015 836 Me
1022 811 1191 842 conserva,
1199 810 1330 843 quaeso,
1341 800 1382 832 de
1389 802 1508 833 cetero.

864 864 944 897 146.
959 862 1042 905 Ave,
1070 861 1155 903 Iesu,
1186 859 1337 893 caelestis
1363 858 1501 899 medice,

961 910 1184 945 Gontritorum

1035 959 1204 992 medicans
1230 958 1378 1001 vulnera,

962 1010 993 1042 A
1006 1009 1159 1050 squalore
1171 1017 1224 1040 me
1233 1006 1343 1040 carnis
1355 1005 1504 1039 lubricae

962 1058 1185 1091 Emundatum

1035 1106 1157 1139 sanctis
1184 1113 1393 1139 connumera.

864 1167 945 1201 147.
960 1167 1044 1205 Ave,
1071 1166 1157 1206 Iesu,
1185 1174 1245 1197 rex
1263 1163 1350 1197 caeli
1367 1162 1508 1204 patriae,

960 1216 1033 1249 Rex
1058 1217 1201 1255 aeterne,

864 657 944 691 145.

1034 1272 1093 1297 rex
1119 1262 1229 1305 magni
1255 1261 1406 1301 nominis,

962 1313 1077 1346 Firma
1101 1316 1179 1345 tuae
1202 1315 1318 1353 portas
1344 1310 1504 1344 ecclesiae

962 1363 1090 1396 Ponens
1101 1370 1216 1404 pacem
1225 1361 1257 1393 in
1271 1361 1340 1393 eius
1352 1359 1511 1393 terminis.

864 1422 882 1455 1
891 1424 946 1457 48.
962 1421 1045 1462 Ave,
1074 1428 1169 1462 quem
1197 1420 1356 1453 caelestes
1372 1418 1515 1452 militiae

963 1470 1119 1503 Melodiis
1146 1469 1285 1502 laudant
1301 1467 1514 1511 harmonicis,

963 1519 1079 1552 Hostis
1090 1528 1133 1551 ne
1142 1518 1325 1551 subdamur
1334 1517 1513 1561 potentiae,

964 1568 1033 1601 Nos
1047 1568 1235 1608 praeceptis
1245 1567 1312 1609 liga
1324 1566 1511 1600 dominicis.

867 1629 948 1662 149.
962 1628 1045 1671 Ave,
1060 1628 1147 1670 Iesu,
1165 1628 1217 1660 cui
1229 1629 1341 1660 cantat
1351 1626 1515 1659 canticum

964 1676 1064 1710 Plebs
1090 1679 1278 1709 sanctorum

1036 1725 1070 1758 in
1098 1735 1198 1767 regno
1225 1725 1351 1767 gloriae

966 1775 1105 1809 Carmen
1131 1775 1220 1808 istud

1042 1826 1212 1857 canentem
1236 1824 1459 1865 rhythmicum

966 1874 1197 1915 Triumphanti
1215 1874 1332 1916 iungas
1345 1873 1514 1906 ecclesiae.

871 1934 952 1968 150.
969 1934 1053 1974 Ave,
1079 1942 1186 1966 meum
1210 1932 1357 1966 solamen
1375 1933 1516 1977 unicum,

968 1983 1067 2023 Quem
1095 1985 1282 2015 sanctorum

1041 2032 1157 2064 laudat
1183 2032 1358 2072 exercituS,

968 2081 1180 2113 Modulamen
1197 2081 1261 2113 hoc
1280 2080 1517 2122 panegyricum

968 2129 1168 2172 Sume,meus
1176 2129 1262 2170 quod
1271 2129 1365 2161 offert
1371 2130 1520 2171 spiritus.

760 2204 918 2244 Par-erga..

536 2264 677 2306 Super
702 2266 827 2299 Beati
860 2265 1144 2298 immaculati.

175 2337 206 2372 1.
221 2337 303 2379 Ave,
330 2334 394 2379 via,
423 2343 487 2376 qua
512 2334 754 2367 ambulantibus

221 2385 429 2427 Sempiterna
455 2383 523 2416 vita
547 2382 760 2423 promittitur,

219 2435 298 2468 Tuis
313 2434 436 2467 sanctis
448 2442 507 2465 nos
516 2432 638 2465 munda
647 2431 812 2472 precibus,

222 2484 345 2527 Quibus
371 2484 414 2516 ad
440 2486 473 2515 te
501 2483 626 2515 directe
651 2482 811 2522 graditur.

872 2336 905 2368 2.
920 2337 1004 2375 Ave,
1029 2333 1118 2374 Iesu,
1147 2333 1252 2366 dulcis
1277 2334 1467 2369 iucunditas

921 2383 1006 2417 Toto
1034 2382 1135 2414 corde
1160 2383 1194 2413 te
1220 2391 1260 2414 ex
1278 2385 1517 2430 quaerentium,

922 2431 1131 2471 Deprecatur
1156 2432 1190 2462 te
1214 2440 1288 2464 mea
1313 2434 1470 2475 pravitas,

922 2480 1028 2513 Tuum
1054 2488 1096 2511 ne
1121 2488 1173 2511 me
1200 2480 1286 2512 celes
1309 2483 1484 2523 eloquium,
