1650 2671
212 211 269 244 42.

215 615 272 649 43.

214 1016 272 1050 44.

210 1420 269 1452 45.

211 1823 268 1857 46.

213 2126 271 2161 51.

300 210 326 243 O
352 218 480 242 summa
506 207 641 241 claritas

349 258 451 292 Lucis
478 260 669 301 perpetuae,

296 308 442 341 Devotas
468 307 594 340 animas

346 357 508 390 Lustrans
535 357 679 399 assidue,

297 408 392 440 Meas
417 406 568 439 inscitias

345 455 516 489 Doctrinis
542 455 665 497 imbue,

295 505 395 547 Legis
420 514 482 546 per
507 505 642 538 semitas

346 555 395 589 Ut
419 555 540 587 vadam
567 563 719 597 congrue.

299 614 465 655 Antiquus
494 613 614 646 diceris

347 663 394 696 Et
418 663 481 695 hoc
506 671 567 703 per
592 662 787 703 symbolum,

296 712 346 745 Eo
374 712 461 753 quod
489 712 689 744 concluseris

347 761 491 801 Tempus
520 764 553 792 et
576 761 752 803 saeculum,

297 809 383 841 Nam
408 807 489 841 fluxi
514 809 671 849 temporis

345 858 492 898 Eiusque
518 857 673 890 circulum

296 907 391 948 Quod
419 907 687 945 circumdederis,

345 956 444 989 Patet
468 956 511 989 ad
537 956 677 990 oculum.

300 1015 326 1049 O
355 1023 411 1047 cor
437 1015 590 1047 altissimi

344 1063 510 1096 Eructans
536 1063 695 1104 optimum

297 1112 453 1154 Verbum,
481 1113 569 1153 quod
595 1112 695 1145 animi

346 1161 496 1202 Expellit
522 1162 647 1202 vitium,

297 1211 366 1244 Mei
393 1211 594 1252 pauperrimi

343 1261 497 1293 Animum
526 1260 664 1292 inscium

295 1309 431 1342 Amoris
457 1309 564 1342 intimi

347 1358 483 1391 Lustret
508 1358 707 1391 incendium.

300 1417 410 1450 Virtus
439 1416 556 1450 deifica

345 1467 512 1500 Bonorum
538 1467 692 1508 omnium,

297 1515 401 1556 Quam
427 1516 614 1556 theologica

345 1565 526 1598 Declarant
553 1565 741 1606 plurimum,

296 1614 343 1647 Et
368 1624 427 1647 nos
454 1613 626 1647 sanctifica

347 1664 413 1697 Per
440 1666 588 1696 sanctum
616 1664 769 1704 spiritum

297 1713 484 1746 Donantem
512 1713 635 1745 caelica

346 1762 537 1804 Mentisque
563 1762 693 1804 gaudia.

294 1821 379 1864 Rex,
407 1830 519 1863 regum
549 1822 691 1864 domine,

347 1871 409 1912 Qui
435 1871 522 1912 regis
549 1871 658 1904 omnia

298 1920 369 1953 Tuo
396 1921 560 1953 creamine

348 1979 435 2002 nunc
461 1970 646 2014 existentia,

921 416 980 450 47,

924 1221 981 1255 49.

923 1625 981 1658 50.

1011 208 1117 241 Teuta
1140 207 1325 250 iurgamine

1056 257 1173 290 Mundi
1202 257 1355 299 dominia,

1007 307 1078 340 Tuo
1105 306 1282 347 spiramine

1057 354 1112 388 fac
1139 355 1380 389 concordantia.

1008 414 1141 448 Summa
1164 414 1348 456 paternitas

1056 464 1151 497 Patri
1177 463 1363 506 ascribitur,

1010 513 1142 554 Optima
1167 514 1290 547 veritas

1057 563 1144 595 Nato
1170 562 1334 600 tribuitur,

1008 611 1156 643 Aeterna
1180 611 1309 644 bonitas

1056 661 1172 692 Amori
1197 660 1353 701 traditur,

1009 708 1164 741 Personis
1190 709 1323 742 trinitas

1056 757 1177 790 Tribus
1202 758 1394 790 includitur.

1009 816 1034 850 O
1061 816 1119 849 lux
1147 816 1266 850 deifica

1056 866 1215 907 Ignorans
1242 866 1407 909 tenebras,

1007 916 1097 956 Quae
1124 914 1195 948 visu
1222 915 1345 948 caelica

1058 964 1260 1006 Terramque
1285 967 1451 1007 penetras,

1009 1013 1163 1046 Emunda
1188 1014 1317 1047 lubrica

1059 1062 1182 1096 Mentis
1209 1068 1242 1096 et
1267 1063 1446 1104 scatebras,

1009 1113 1095 1152 Quas
1123 1111 1286 1145 diabolica

1057 1161 1184 1195 insevit
1208 1162 1367 1203 pravitas.

1009 1220 1099 1261 ignis
1126 1228 1144 1252 ο
1171 1220 1294 1253 caelice

1056 1269 1190 1302 Ardens
1213 1270 1369 1312 suaviter,

1010 1318 1203 1351 Accendens
1227 1321 1352 1364 typice,

1057 1367 1207 1408 Purgans
1235 1368 1401 1407 velociter,

1006 1416 1073 1459 Me,
1103 1425 1233 1457 quaeso,
1262 1419 1391 1458 respice

1055 1465 1332 1508 Misericorditer,

1009 1515 1177 1547 Adversos
1204 1516 1308 1558 abice,

1057 1563 1111 1596 Da
1136 1563 1222 1597 bona
1246 1565 1395 1606 largiter.

1009 1623 1254 1664 Investigabilis

1057 1671 1121 1705 Dei
1150 1673 1307 1707 divinitas

1008 1721 1055 1755 Et
1079 1722 1303 1755 inscrutabilis

1057 1770 1216 1805 Eiusdem
1242 1772 1373 1805 trinitas

1009 1820 1121 1853 Pellat
1146 1830 1166 1854 a
1192 1820 1323 1854 famulis

1062 1870 1184 1910 Culpas
1210 1871 1408 1912 praeteritas

1009 1918 1057 1951 Et
1080 1919 1257 1953 invisibilis

1060 1967 1176 2002 Hostis
1203 1970 1375 2006 versutias

692 2056 1009 2098 Quinquagena
1034 2056 1079 2092 ΙΙ.

301 2127 327 2161 O
356 2127 582 2160 causalissima

347 2178 500 2219 veraque
525 2177 668 2218 bonitas,

297 2226 419 2268 Erupit
446 2227 572 2269 optima

347 2276 417 2316 Qua
441 2276 652 2320 universitas,

295 2326 421 2359 Amore
448 2335 620 2359 concrema

347 2375 524 2409 Servorum
550 2377 687 2418 animas,

296 2426 384 2467 Quas
410 2431 528 2467 gravat
553 2425 716 2466 pesssima

349 2474 468 2508 Gordis
495 2474 672 2517 frigiditas,

928 2128 983 2161 52.

1013 2126 1038 2160 Ο
1065 2126 1228 2167 sapientia

1061 2176 1110 2209 Te
1133 2176 1208 2217 ipsa
1234 2179 1377 2222 sapiens,

1011 2226 1236 2267 Intelligentia

1061 2274 1206 2309 Devotos
1236 2278 1415 2320 instruens,

1014 2324 1065 2358 Sis
1092 2333 1145 2357 me
1170 2327 1317 2367 scientia,

1061 2374 1110 2407 Te
1136 2384 1264 2420 precor,
1293 2377 1452 2420 imbuens,

1013 2424 1074 2465 Qui
1101 2424 1288 2466 ignorantia

1063 2473 1189 2508 Oberro
1216 2476 1376 2510 nesciens,
