1650 2671
160 196 215 229 237.

166 617 221 651 38.

163 1037 219 1070 39.

163 1459 219 1491 40.

162 1879 220 1912 41.

169 2301 226 2335 42.

681 115 730 119 —
778 95 849 130 ΞΜ)
901 115 946 120 -

246 199 325 237 Ave,
353 195 452 236 virgo,
481 194 595 227 civitas

291 243 376 278 Mihi
401 243 633 286 praeamanda,

243 295 345 335 Quam
372 292 553 325 construxit
577 291 706 325 trinitas

294 342 426 377 Cunctis
453 341 632 380 adoranda,

245 391 279 425 Si
305 399 356 424 me
381 390 513 431 stringit
536 389 683 430 pravitas

293 440 458 473 Sceleium
483 438 637 479 nefanda,

244 491 342 530 Quam
370 491 426 521 tua
449 488 632 529 benignitas

292 538 403 571 Solvat
429 539 627 571 veneranda.

249 617 331 655 Ave,
360 615 499 648 clemens
524 615 656 656 hospita

296 664 417 697 Mentis
443 664 644 706 peregrinae,

247 713 399 746 Bonitate
424 713 577 754 praedita

294 762 429 796 Gratiae
456 762 594 801 divinae,

245 812 392 853 Supplex
418 820 506 854 rogo,
535 811 631 843 visita

292 859 349 893 Me
373 860 407 893 in
432 868 503 892 meo
528 859 594 892 fine

245 909 290 942 Et
315 907 437 941 inferni
461 908 576 941 abdita

296 958 422 997 Capere
446 966 510 990 non
537 958 615 990 sine.

245 1037 327 1079 Ave,
355 1039 450 1077 petra
474 1035 611 1076 largiter

294 1085 365 1118 Olei
394 1085 473 1117 dans
499 1084 597 1122 rivos,

249 1134 372 1173 Quibus
398 1142 494 1166 sanas
519 1133 638 1174 iugiter

295 1182 444 1215 Mortuos
471 1184 504 1213 et,
529 1182 628 1214 vivos.

251 1228 473 1264 Confortando
503 1230 642 1262 dulciter

295 1279 452 1312 Subleves
476 1279 610 1320 activos,

248 1329 356 1369 irriga
379 1327 528 1361 hilariter

296 1377 342 1410 Et
368 1376 647 1417 contemplativos

247 1457 330 1495 Ave.¹
356 1456 460 1497 virgo,
486 1465 666 1497 pauperum

298 1505 448 1539 Clemens
475 1504 641 1545 iudicissa,

245 1554 300 1587 Ad
323 1553 491 1587 soJandum
518 1553 670 1585 miserum

297 1602 467 1635 Hominem
494 1601 684 1644 praemissa,

251 1652 359 1685 Corda
384 1655 495 1684 nostra
520 1652 680 1684 scelerum

298 1701 387 1734 Ense
413 1709 493 1732 sana
517 1700 630 1740 scissa,

249 1751 318 1783 iter
343 1749 467 1789 praebe
489 1758 682 1790 prosperum

296 1798 350 1832 Ad
379 1799 460 1831 caeli
486 1799 658 1838 promissa.

247 1878 329 1921 Ave,
357 1875 441 1919 fons,
468 1877 523 1917 qui
548 1877 671 1918 poeula

296 1926 423 1959 Fundis
449 1926 638 1968 gratiarum,

250 1976 380 2009 satians
405 1985 465 2017 per
490 1977 621 2008 saecula

300 2024 394 2058 Sitim
421 2025 611 2067 animarum,

251 2073 359 2106 Ablue
381 2073 512 2114 piacula

300 2122 577 2155 Conscientiarum

250 2171 315 2203 Per
340 2172 458 2203 amoris
487 2172 620 2206 vincula

298 2219 382 2253 Mihi
410 2220 665 2255 coniunctamm.

251 2299 334 2341 Ave,
362 2298 559 2332 delectabile

299 2347 439 2382 Animae
465 2348 646 2388 condimen,

251 2399 427 2432 Praestans
453 2397 623 2431 indicibile

300 2447 434 2481 Gratiae
458 2446 610 2490 lenimen,

859 421 919 453 43.

860 843 917 876 44.

862 1264 920 1297 45.

861 1683 919 1716 46.

864 2106 920 2140 47.

943 193 1084 227 Auferas
1111 191 1285 226 tractabile

991 242 1142 276 Hostium
1169 241 1323 274 molimen

942 291 988 324 Et
1012 300 1091 323 onus
1113 290 1286 332 culpabile,

990 340 1072 374 Boni
1098 340 1307 382 impedinem.

946 420 1028 457 Ave,
1055 419 1141 463 luna,
1170 427 1330 459 generans

991 467 1095 501 Nobis
1122 467 1204 501 caeli
1230 476 1348 507 rorem,

945 517 1006 558 Qui
1031 520 1202 557 peccatum
1227 515 1394 549 medicans

995 565 1057 598 Dei
1085 565 1142 597 dat
1168 573 1321 605 amorem,

945 614 996 648 Sis
1022 613 1054 645 in
1082 623 1135 646 me
1159 612 1359 655 refrigerans

994 663 1166 698 carnalem
1194 660 1357 694 fervorem

945 713 1060 747 Odium
1088 711 1319 752 exterminanS,

991 759 1081 796 Iram
1108 764 1141 793 et
1165 760 1312 794 livorem.

946 843 1028 878 Ave,
1056 838 1213 872 vestiaria

993 890 1126 928 Domus,
1155 897 1218 928 qua
1242 887 1390 921 indutum

947 938 1111 973 Christum
1140 937 1239 970 credo
1267 935 1381 969 trabea

996 987 1121 1027 Carnis,
1143 994 1207 1027 qua
1232 987 1398 1018 versutum

947 1035 1072 1069 Stravit
1097 1044 1156 1075 per
1181 1033 1359 1067 certamina

994 1083 1075 1118 Eius
1104 1083 1257 1124 frangens
1284 1085 1421 1126 scutum,

948 1133 1052 1166 Nobis
1078 1133 1122 1165 ad
1148 1131 1303 1165 caelestia

996 1184 1065 1216 Iter
1091 1190 1212 1223 parans
1238 1183 1354 1214 tutum.

947 1263 1029 1303 Ave,
1055 1259 1176 1292 flumen
1202 1259 1327 1301 gratiae

996 1310 1087 1343 Dans
1113 1308 1360 1352 iucunditatem,

948 1360 1094 1401 irrigans
1122 1357 1279 1390 ecclesiae

997 1408 1137 1441 Sanctae
1166 1406 1345 1449 civitatem,

947 1456 1116 1490 stantibus
1142 1456 1176 1489 in
1203 1455 1272 1487 acie

997 1506 1119 1539 Contra
1143 1504 1338 1546 pravitatem

948 1554 1061 1587 Hostis
1089 1554 1132 1587 da
1158 1553 1361 1586 constantiae

995 1603 1272 1636 Immobssitatem.

947 1683 1027 1727 Ave,
1055 1682 1111 1714 lux
1137 1690 1220 1723 quae
1247 1680 1376 1715 devium

995 1730 1155 1764 Mundum
1184 1730 1346 1771 direxisti,

949 1780 1084 1821 Quando
1113 1780 1175 1813 Dei
1201 1778 1302 1812 filium

1000 1829 1108 1863 Carne
1132 1828 1283 1873 genuisti,

950 1878 1055 1920 Super
1080 1879 1160 1911 solis
1185 1879 1315 1912 radium

997 1929 1091 1961 Tunc
1117 1928 1363 1969 resplenduisti,

952 1977 1030 2011 Cum
1058 1977 1101 2010 ad
1129 1978 1210 2011 caeli
1236 1978 1352 2010 solium

998 2028 1181 2068 Assumpta
1204 2026 1307 2060 fuisti.

948 2107 1034 2149 Ave,
1059 2106 1162 2150 virgo,
1192 2107 1307 2139 civitas

999 2155 1135 2189 Cunctis
1160 2155 1317 2195 opulenta

950 2204 1060 2248 Bonis,
1086 2204 1121 2236 in
1147 2214 1210 2246 qua
1234 2203 1377 2239 foeditas

998 2253 1099 2285 Nulla
1125 2258 1173 2286 est
1198 2254 1343 2296 inventa,

949 2302 1032 2343 Tua,
1057 2305 1174 2346 mater,
1201 2302 1309 2343 pietas

1000 2350 1056 2384 Ad
1082 2360 1134 2383 me
1155 2350 1200 2384 sit
1226 2354 1368 2395 extenta,

952 2400 1053 2440 Quem
1079 2402 1195 2441 gravat
1219 2400 1374 2443 iniquitas

1002 2448 1098 2481 Mille
1123 2459 1184 2490 per
1209 2450 1345 2485 talenta.
