1650 2671
719 121 1041 159 —115-.

208 220 239 254 7.
255 219 337 264 Ave,
365 219 452 260 Iesu,
479 220 531 252 leo
558 220 747 264 fortissime,

256 267 354 303 Cuius
380 268 487 302 virtus
513 269 618 303 iustos
646 271 776 314 eripuit,

255 317 286 350 A
312 318 408 351 leone
432 327 493 351 nos
520 318 631 361 Stygis
658 320 795 362 redime,

253 366 487 408 Persequendo

329 425 410 458 quos
431 425 562 458 semper
582 416 709 452 circuit.

207 495 240 529 8.
254 494 338 537 Ave,
366 494 453 537 Iesu,
484 495 509 529 Ο
537 498 570 529 et
594 495 735 538 initium,

254 544 358 578 Omne
382 544 505 578 bonum

330 602 461 636 semper
484 594 717 637 concomitans,

254 642 306 676 Sis
333 646 464 677 tuorum
486 652 611 677 memor
627 643 825 687 sequacium,

255 692 385 726 Pietate
410 695 469 726 tua
493 693 553 726 hos
580 693 728 727 visitans

204 772 237 805 9.
251 772 336 814 Ave,
363 771 465 804 iudex
490 770 622 804 venturi
647 770 779 814 saeculi,

252 820 431 853 Liberator
456 823 490 853 te
517 820 752 860 confitentium,

254 869 351 903 Nunc
377 870 499 902 virtute
525 874 582 901 tua
606 867 753 901 mirabili

252 918 355 952 Delos
380 926 496 959 preme
519 917 758 951 insidiantium.

179 998 237 1032 10.
252 997 335 1041 Ave,
356 996 441 1038 Iesu,
461 996 516 1039 qui
535 1005 667 1030 censum
683 1005 825 1029 annuum

251 1046 346 1079 Dicis
363 1044 437 1078 fore
452 1046 661 1079 reddendum
679 1045 824 1088 Caesari,

253 1095 459 1129 Adiuvamen
478 1095 602 1136 praebe
621 1095 819 1135 continuum,

251 1144 290 1177 In
308 1142 484 1186 profundis
498 1153 539 1176 ne
553 1153 681 1185 mergar
695 1143 823 1177 tartari.

179 1224 236 1258 11.
255 1223 337 1264 Ave,
366 1222 451 1264 Iesu,
481 1222 572 1255 cuius
599 1222 747 1263 potentia

251 1272 432 1304 Relevatur
457 1272 553 1311 inops
579 1282 599 1304 a
624 1271 758 1314 gemitu,

250 1321 308 1354 Me
334 1329 527 1362 oppressum
553 1320 646 1362 gravi
672 1319 805 1353 miseria

254 1368 447 1411 Septiformi
475 1366 589 1403 releva
614 1370 743 1410 spiritu,

181 1450 238 1482 12,
254 1449 337 1490 Ave,
368 1448 457 1481 cuius
483 1448 644 1481 adventus
670 1447 802 1480 inclitus

256 1497 488 1531 Destructivus
516 1500 565 1530 est
589 1497 775 1536 idolatriae,

246 1547 363 1580 Hostis
372 1555 433 1588 per
442 1550 477 1580 te
488 1544 659 1588 frangatur
669 1547 822 1590 impetus,

248 1597 308 1637 Qui
335 1597 507 1637 impugnat
533 1605 593 1629 nos
621 1594 809 1629 multifarie.

176 1669 332 1710 13.Ave,
359 1670 446 1710 Iesu,
474 1670 566 1703 cuius
592 1670 777 1712 benignitas

248 1720 387 1753 Lustrat
395 1723 521 1753 mentes
531 1722 564 1752 te
574 1720 820 1764 requirentium,

250 1769 448 1802 Conteratur
473 1778 534 1811 per
559 1772 593 1801 te
620 1769 806 1810 malignitas

250 1818 346 1851 Viam
360 1818 453 1860 pacis
466 1827 531 1851 non
547 1818 821 1860 cognoscentium.

179 1894 236 1926 14.
254 1893 337 1933 Ave,
364 1892 451 1936 Iesu,
478 1893 512 1924 iu
541 1893 631 1924 cuius
657 1893 743 1925 atria

249 1941 445 1983 Inquinatus
472 1941 581 1974 nullus
608 1942 805 1982 ingreditur,

251 1990 318 2024 Sed
343 1991 377 2023 in
404 1995 461 2023 tua
486 1999 621 2023 manens
647 1990 774 2023 iustitia

244 2040 284 2074 In
298 2043 468 2073 aeternum
477 2049 541 2073 non
553 2039 822 2074 commovebitur.

173 2115 230 2150 15.
246 2115 333 2153 Ave,
347 2123 409 2157 per
422 2123 518 2157 quem
534 2115 696 2148 caelorum
707 2114 823 2148 incolis

246 2164 367 2198 Exstat:
393 2165 547 2198 restituta
574 2164 755 2207 hereditas,

244 2215 275 2247 A
297 2216 460 2248 malorum
478 2223 566 2247 nunc
582 2213 822 2248 conventiculis

240 2263 310 2298 Nos
339 2262 500 2299 defendat
524 2267 580 2297 tua
606 2264 803 2305 benignitas.

171 2339 227 2375 16.
242 2338 327 2381 Ave,
354 2339 388 2373 in
416 2348 479 2380 quo
505 2338 574 2371 ulla
600 2337 755 2379 iniquitas

241 2389 388 2423 Inveniri
415 2387 529 2430 nequit
555 2397 575 2420 a
599 2388 742 2430 saeculo,

239 2438 342 2483 Ame,
360 2447 493 2481 quaeso,
509 2439 628 2471 mentis
640 2437 817 2478 duplicitas

244 2488 466 2529 Propellatur,
495 2496 615 2530 precor
638 2489 671 2519 te
689 2488 815 2521 sedulo.

891 223 947 257 17.
965 223 1045 263 Ave,
1076 223 1160 263 Iesu,
1188 231 1208 254 a
1235 221 1324 253 cuius
1351 217 1436 252 facie

964 270 1117 305 Caritatis
1143 270 1228 311 ignis
1256 268 1433 312 egreditur,

961 319 1220 354 Firmamentum
1248 321 1317 352 esto
1344 318 1514 361 ecclesiae,

961 372 992 403 A
1000 369 1167 410 perversis
1174 377 1257 410 quae
1263 368 1327 401 iam
1335 367 1529 400 concutitur.

890 457 947 492 18.
962 459 1044 502 Ave,
1073 459 1158 499 Iam,
1177 459 1359 500 plasmator
1376 456 1530 499 omnium,

963 506 1062 541 Cuius
1086 507 1192 540 sancti
1212 507 1367 541 enarrant
1381 505 1531 547 gloriam,

959 555 1095 589 Frontis
1106 564 1206 597 meae,
1219 564 1349 598 quaeso,
1357 555 1533 587 tricenium

961 604 1013 638 Tu
1036 604 1179 638 informa
1204 613 1266 646 per
1291 604 1498 647 sapientiam.

889 694 944 727 19.
960 695 1043 733 Ave,
1069 702 1161 737 agne,
1190 693 1245 734 qui
1270 693 1304 725 in
1331 692 1490 725 altaribus

959 742 1091 775 Summo
1117 742 1206 782 patri
1231 741 1338 774 litaris
1364 741 1496 782 iugiter,

958 792 999 824 In
1024 799 1187 832 supernae
1212 790 1291 824 Sion
1316 799 1369 823 me
1393 790 1519 823 laribus

957 840 1027 873 Fac
1052 839 1180 883 laetari,
1207 842 1294 880 peto,
1323 839 1500 872 humiliter.

885 930 942 963 20.
956 929 1038 972 Ave,
1056 928 1140 971 Iesu,
1156 937 1250 969 quem
1261 928 1522 968 patei-luminum

959 977 1136 1011 Coronavit
1163 986 1282 1010 corona
1307 978 1441 1018 gloriae,

957 1026 1194 1059 Benedictionc
1221 1026 1431 1059 dulcedinum

959 1075 1028 1109 Nos
1055 1079 1183 1109 tuarum
1211 1084 1358 1116 expurga
1384 1075 1484 1109 carie.

885 1163 1041 1202 21.Ave‚
1068 1165 1155 1202 lesu,
1183 1165 1239 1205 qui
1262 1167 1360 1205 sputa
1385 1162 1471 1196 facie

959 1213 1154 1246 Processisti
1182 1222 1220 1245 ac
1245 1221 1358 1245 caesus
1385 1213 1499 1257 alapis

960 1263 1093 1296 Scutuni
1119 1262 1212 1295 nobis
1241 1262 1283 1294 da
1309 1261 1498 1305 patientiae,

961 1312 1038 1344 Cum
1067 1310 1204 1344 ferimur
1227 1320 1403 1352 pravorum
1421 1311 1530 1345 labiis.

886 1402 941 1435 22.
959 1401 1042 1441 Ave,
1070 1409 1192 1441 parans
1214 1408 1358 1432 mensam
1377 1398 1530 1433 fidelibus

961 1449 1164 1483 Sacramenti
1191 1450 1239 1482 tui
1266 1449 1476 1491 sanctissimi,

959 1499 1028 1531 Nos
1056 1498 1192 1531 habenis
1220 1506 1297 1539 rege
1316 1498 1471 1531 suavibus

959 1548 1115 1582 Caritatis
1141 1550 1220 1580 tuae
1245 1551 1278 1579 et
1303 1547 1458 1589 proximi.

885 1638 941 1671 23.
957 1638 1039 1678 Ave,
1064 1646 1133 1677 rex,
1153 1637 1375 1678 sempiternae
1390 1638 1526 1681 gloriae,

957 1686 1157 1720 Universum
1186 1687 1237 1719 cui
1264 1689 1315 1719 est
1340 1686 1519 1731 subditum,

958 1736 1087 1769 Donum
1113 1736 1207 1769 nobis
1237 1735 1279 1769 da
1303 1737 1513 1770 innocentiae

957 1785 1003 1818 Et
1016 1789 1090 1826 post
1100 1788 1236 1818 mortem
1251 1786 1332 1818 caeli
1342 1786 1526 1820 introitum.

884 1874 942 1907 24.
960 1875 1040 1917 Ave,
1068 1874 1153 1914 Iesu,
1181 1874 1428 1908 misericordiae

957 1924 1056 1957 Circa
1081 1927 1155 1955 tuos
1181 1924 1236 1964 qui
1265 1924 1497 1969 reminisceris,

959 1973 1141 2006 Iuventutis
1169 1977 1202 2004 et
1227 1974 1433 2015 ignorantiae

958 2022 1161 2055 Delictorum
1186 2023 1247 2055 mis
1265 2031 1307 2055 ne
1328 2023 1526 2059 memineris,

886 2107 944 2139 25.
960 2106 1043 2147 Ave,
1070 2105 1155 2148 Iesu,
1184 2110 1319 2140 aeterna
1344 2107 1481 2150 veritas,

959 2156 995 2188 In
1023 2164 1087 2196 qua
1113 2158 1208 2197 pater
1231 2156 1294 2189 sibi
1318 2157 1526 2198 complacuit,

958 2205 1035 2246 Ipse
1061 2205 1181 2238 reddat
1208 2214 1344 2239 coronas
1367 2207 1528 2248 perditas,

958 2254 1043 2295 Quas
1058 2264 1144 2288 mors
1159 2258 1214 2287 tua
1229 2255 1324 2288 nobis
1333 2257 1527 2297 promeruit.

883 2340 940 2373 26.
955 2339 1039 2380 Ave,
1061 2340 1116 2381 qui
1134 2340 1304 2380 promissis
1322 2339 1526 2382 propheticis

953 2389 1124 2423 Polliceris
1152 2390 1251 2423 vitam
1281 2389 1505 2429 credentibus,

954 2439 1047 2472 Muni
1075 2448 1187 2471 servos
1215 2440 1332 2472 castris
1357 2439 1529 2480 angelicis,

953 2484 1147 2530 Expugnari
1164 2497 1206 2521 ne
1221 2489 1352 2531 possint
1366 2488 1473 2521 hostib
1480 2499 1527 2520 ur.

1306 2543 1350 2574 8*
