1650 2671
740 159 786 164 —-
839 140 906 176 15)ss
959 163 1003 167 —

211 237 292 271 126.
319 238 401 279 Ave,
430 237 529 270 decus
553 238 720 272 hominum

208 662 289 695 127.

205 1082 286 1117 128.

198 1508 280 1543 129.

191 1935 272 1968 130.

185 2363 265 2397 131.

366 286 542 328 Omnisque
562 287 721 332 facturae,

318 336 369 369 Tu
395 335 448 369 via
473 337 517 369 ad
541 337 692 371 bravium

367 385 556 420 Perducens
582 396 707 431 secure,

317 433 385 468 Nos
410 434 445 468 in
474 435 659 470 aedificium

369 484 521 518 Caelicae
546 490 731 520 structurae

318 533 446 576 Goapta
470 544 531 576 per
555 535 658 569 filium

367 584 458 616 Tuae
482 585 662 626 geniturae.

316 662 400 707 Ave,
429 663 531 704 stirps
556 664 703 698 iustitiae

366 712 523 745 Fructum
555 712 665 747 ferens
692 714 811 756 divum,

317 761 532 794 Praebentem
559 763 705 795 laetitiae

366 810 516 843 Credulis
542 812 673 851 olivum,

314 858 417 899 Roga,
445 861 551 891 mater
575 859 710 902 gratiae,

362 907 426 940 Pro
451 916 504 939 me
530 907 635 940 Deum
661 908 782 948 vivum,

311 954 356 988 Ut
381 954 627 990 misericordiae

359 1004 444 1037 Mihi
473 1003 589 1039 fundat
614 1005 730 1039 rivum.

314 1084 397 1123 Ave,
424 1085 526 1117 turris
552 1093 652 1117 aurea

362 1133 452 1166 Bene
477 1135 666 1175 moenitata,

309 1183 340 1215 A
366 1183 499 1216 cohorte
525 1182 646 1225 Stygea

363 1231 536 1277 Nunquam
565 1235 760 1274 expugnata,

311 1280 402 1313 Haec
428 1281 517 1313 dicta
545 1282 709 1315 carminea

360 1331 425 1364 Per
449 1339 502 1363 me
529 1331 712 1375 decantata,

311 1380 336 1413 O
362 1384 469 1413 mater
494 1380 650 1421 virginea,

359 1429 434 1462 Tibi
460 1433 591 1462 exstent
615 1434 719 1470 grata.

308 1509 390 1550 Ave,
419 1508 519 1541 arbor
545 1508 671 1551 gratiae

357 1557 539 1591 Abundans
565 1557 670 1599 olivis,

302 1606 503 1640 Succurrens
533 1607 654 1640 cotidie

352 1657 495 1690 Mortuis
522 1660 554 1689 et
580 1656 675 1699 vivis,

303 1706 446 1748 Repleas
471 1706 667 1739 clementiae

351 1756 493 1790 Divinae
518 1766 576 1789 nos
603 1756 682 1789 rivis

303 1804 400 1838 Filiis
427 1806 585 1838 ecclesiae

350 1854 494 1887 Nectens
520 1854 696 1896 adoptivis

299 1934 384 1978 Ave,
411 1943 494 1975 quac
520 1932 642 1967 facetia

348 1983 511 2017 Carminis
538 1983 702 2026 praeclari

300 2032 442 2066 Dixeras
469 2033 606 2066 humilia

351 2082 462 2117 Corda
488 2082 637 2121 exaltari,

298 2132 369 2166 Tua
395 2132 449 2166 fac
475 2142 526 2165 me
553 2131 660 2175 gratia

348 2182 402 2216 Sic
429 2182 605 2225 humiliari,

296 2232 345 2266 Ut
368 2234 403 2266 in
431 2233 513 2265 caeli
540 2231 644 2275 gloria

346 2284 468 2324 Queam
496 2282 672 2316 sublimari,

293 2363 374 2404 Ave,
403 2372 500 2406 quam
526 2362 684 2406 profiteor

347 2412 555 2446 Genetricem
580 2412 655 2455 Dei,

294 2462 392 2496 Unde
416 2471 502 2496 nunc
527 2466 561 2495 te
588 2471 726 2496 veneror

345 2512 466 2545 Plausu
494 2513 602 2546 cordis
629 2513 703 2554 mei,

226 2574 248 2597 1>
255 2580 267 2597 x
272 2579 287 2596 e
292 2579 307 2595 v
313 2579 328 2596 e
333 2580 346 2596 s
352 2590 358 2602 ,
374 2573 501 2597 Psaltcria
516 2573 721 2598 Wessofontana.

911 470 991 504 132.

911 889 991 922 133.

905 1312 985 1346 134.

902 1738 983 1771 135.

897 2163 976 2198 136.

1022 242 1075 276 Da
1100 243 1190 284 mihi,
1220 246 1251 274 te
1278 242 1447 285 deprecor,

1071 292 1117 325 Et
1140 291 1318 333 progeniei,

1019 341 1072 374 De
1098 350 1161 382 qua
1188 349 1286 374 carne
1311 339 1410 382 orior,

1068 390 1193 423 Locum
1219 389 1352 432 requiei.

1019 470 1101 511 Ave,
1125 469 1216 501 sidus
1242 469 1366 510 gloriae

1069 518 1253 560 Splendens
1263 517 1337 559 pius
1348 527 1443 558 quam
1451 517 1539 561 luna,

1021 567 1177 601 Omnibus
1203 576 1264 608 per
1288 567 1415 607 gratiae

1068 617 1164 649 Dona
1189 619 1359 658 oportuna,

1021 665 1192 698 Credentis
1218 664 1363 697 familiae

1070 714 1150 747 Post
1175 713 1279 745 Deum
1306 722 1381 756 spes
1408 722 1481 753 una,

1019 762 1146 803 Lapsos
1172 771 1233 802 per
1260 761 1446 795 discordiae

1066 811 1165 844 Virus
1192 811 1350 843 coaduna.

1019 890 1103 930 Ave,
1131 888 1181 920 cui
1208 888 1373 929 pusillitas

1066 938 1145 971 Mea
1171 940 1204 969 et
1229 946 1384 970 conamen

1016 987 1148 1021 Laudes
1175 987 1294 1020 reddet
1320 986 1448 1019 debitas

1062 1037 1129 1070 Per
1153 1036 1217 1069 hoc
1242 1035 1460 1079 modulamen,

1016 1085 1087 1118 Tua
1115 1085 1171 1118 det
1196 1084 1388 1118 maternitas

1064 1135 1206 1168 Mortuis
1230 1135 1387 1174 solamen,

1015 1184 1100 1225 Quos
1127 1184 1248 1224 premit
1270 1183 1433 1217 acerbitas

1063 1234 1192 1267 Poenae
1217 1234 1269 1266 vel
1295 1242 1483 1274 gravamen.

1013 1312 1095 1354 Ave,
1124 1313 1332 1345 securissima

1061 1361 1165 1394 Navis
1190 1361 1357 1403 navicilla,

1015 1410 1084 1450 Qua
1110 1409 1217 1444 fidelis
1244 1410 1351 1444 anima

1062 1459 1205 1501 Navigat
1231 1459 1420 1501 tranquilla,

1010 1509 1114 1552 Haec,
1141 1512 1250 1542 mente
1274 1508 1521 1551 promptissima

1060 1559 1150 1600 Quae
1175 1568 1292 1600 pango,
1320 1558 1462 1592 mixtilla

1010 1608 1158 1650 Placent,
1185 1617 1280 1649 quem
1305 1608 1484 1648 purissima

1058 1658 1207 1691 Lactasti
1232 1657 1389 1691 mamilla.

1010 1738 1093 1779 Ave,
1121 1746 1139 1769 o
1165 1737 1337 1777 nubecula,

1061 1786 1160 1820 Cuius
1187 1795 1248 1828 per
1274 1789 1441 1828 gestamen

1010 1836 1115 1869 Natus
1142 1834 1227 1877 fugit
1253 1835 1411 1868 scandala

1055 1885 1221 1927 Regisque
1244 1885 1451 1928 fraudamen,

1008 1935 1177 1967 Momenta
1202 1943 1263 1975 per
1288 1934 1417 1975 singula

1056 1984 1141 2017 Mihi
1167 1983 1212 2016 sis
1239 1987 1395 2028 tutamen,

1007 2033 1076 2074 Quo
1105 2033 1200 2067 vitem
1227 2042 1287 2075 per
1312 2034 1445 2066 saecula

1055 2083 1168 2116 Hostis
1195 2082 1433 2119 machinamen.

1004 2163 1086 2199 Ave,
1115 2171 1133 2194 o
1161 2162 1318 2196 victoriae

1051 2212 1184 2254 Signum
1212 2212 1390 2246 Gredeonis

1002 2262 1133 2304 Clipeus
1160 2265 1196 2294 tu
1222 2263 1328 2299 Iosue,

1050 2312 1184 2347 Victrix
1208 2312 1402 2354 Pharaonis,

1001 2361 1108 2395 Huius
1134 2359 1219 2394 fanti
1246 2365 1379 2395 strenue

1053 2411 1192 2445 Carmen
1219 2411 1380 2445 cantionis

1001 2461 1150 2494 Fortiter
1177 2461 1220 2494 da
1245 2462 1378 2494 vincere

1054 2512 1172 2554 Regem
1199 2510 1390 2553 Babylonis.
