1650 2671
568 581 649 614 XIV.
691 581 888 614 Psalterium
909 580 1048 621 „Iubilus
1071 581 1181 613 BMV“.

734 664 1013 699 Prooemium.

215 743 247 777 1.
274 738 363 784 rfibi,
390 745 496 775 mater
522 743 649 787 eximia,

273 792 473 832 Depromam
499 791 606 824 laudis
633 791 753 834 munia,

270 840 369 874 Cuius
395 843 509 873 sancta
535 838 673 872 ecclesia

270 888 408 929 Semper
435 889 523 921 canit
547 887 734 928 praeconia.

208 968 241 1001 2.
271 964 377 1001 Huius
401 966 484 1000 odas
510 966 697 1000 dictaminis

271 1016 423 1056 Fantem,
450 1025 469 1048 ο
495 1025 617 1058 sponsa
642 1013 794 1058 flaminis,

272 1065 312 1098 Vi
339 1066 387 1098 tui
415 1065 655 1106 deprecaminis

272 1114 420 1148 Absolve
444 1124 531 1148 nexu
557 1115 713 1148 criminis.

213 1196 246 1227 3.
274 1190 321 1228 Et
346 1193 394 1225 sie
418 1197 577 1236 purgatus
601 1194 755 1236 primitus

274 1243 339 1276 Per
367 1243 453 1276 dona
478 1243 584 1276 sancti
610 1243 746 1285 spiritus

273 1291 353 1326 Odis
380 1295 412 1325 te
437 1292 567 1325 laudem
595 1293 723 1334 dignius

273 1340 475 1382 Conscriptis
501 1342 534 1374 in
561 1342 782 1383 sequentibus.

210 1421 245 1454 4.
277 1418 303 1455 0
332 1421 424 1462 virgo
451 1420 652 1462 beatissima,

270 1471 353 1512 Ego„
382 1471 529 1511 quamvis
552 1471 741 1512 peripsima,

269 1519 383 1552 Mente
408 1523 517 1552 tamen
542 1520 788 1563 promptissima

270 1568 318 1601 Te
343 1568 451 1601 laudis
478 1569 577 1602 laudo
603 1570 747 1604 victima.

917 744 949 776 5.
964 740 1143 777 Terrorem
1170 741 1249 784 fuga
1275 742 1467 775 daemonum

977 793 1194 832 Ipsorumque
1221 791 1410 832 satellitum,

976 840 1208 873 Commotionis
1234 839 1392 880 impetum

975 888 1021 922 Et
1045 888 1192 921 nubilum
1218 888 1472 930 phantasticum.

940 997 946 1002 ,
975 966 1000 1003 O
1029 967 1155 1000 eunetis
1182 967 1282 1000 castis
1308 968 1440 1010 castior,

974 1019 1097 1051 Amore
1122 1020 1178 1049 tuo
1206 1017 1344 1059 crucior,

975 1066 1039 1100 Sed
1066 1066 1184 1098 iterum
1211 1065 1351 1106 reficior,

979 1115 1058 1149 Cum
1084 1119 1117 1148 te
1145 1116 1262 1148 devote
1289 1124 1436 1150 veneror.

919 1196 952 1228 7.
967 1192 1133 1229 Cervioem
1159 1203 1258 1228 eonor
1283 1193 1417 1228 flectere

976 1243 1021 1277 Et
1044 1246 1154 1277 mente
1178 1253 1231 1277 me
1255 1248 1477 1286 prosternere,

977 1292 1024 1327 Ut
1048 1303 1101 1326 me
1128 1293 1272 1334 digneris
1298 1303 1441 1334 propere

978 1344 1042 1376 Per
1067 1342 1207 1384 gratiam
1233 1343 1387 1376 invisere.

939 1447 948 1455 .
975 1419 1083 1463 Assis,
1110 1430 1128 1454 o
1156 1422 1244 1455 vitae
1269 1423 1450 1465 speculum,

975 1471 1032 1505 Me
1057 1471 1202 1504 lustrans
1229 1474 1319 1503 tuum
1346 1473 1525 1514 servulum,

976 1519 1021 1554 Ut
1046 1530 1108 1561 per
1133 1524 1321 1562 sequentem
1346 1521 1483 1555 iubilum

973 1571 1022 1603 Te
1048 1570 1177 1603 videam
1205 1570 1240 1603 in
1266 1571 1442 1606 saeculum.

681 1650 995 1691 Quinquagena
1030 1650 1055 1684 Ι.

209 1718 238 1751 1.
266 1718 350 1760 Ave,
377 1718 475 1752 radix
502 1719 640 1762 gratiae,

319 1767 372 1800 Ex
399 1777 463 1809 qua
490 1769 595 1801 crevit
622 1768 761 1810 fruetus,

273 1818 442 1850 Humanae
467 1817 619 1850 miseriae

319 1866 387 1905 Quo
414 1869 551 1899 sanatur
575 1866 692 1908 luctus,

272 1915 379 1948 Adam
409 1924 481 1947 curn
506 1917 665 1957 progenie

323 1964 385 1997 Per
411 1973 505 2007 quem
534 1968 582 1997 est
610 1965 777 2009 reductus,

273 2013 358 2048 Olim
384 2023 446 2055 per
471 2013 625 2047 fallaciae

320 2064 500 2097 Auctorem
527 2065 694 2098 seductus,

208 2136 241 2169 2.
268 2135 352 2174 Ave,
380 2136 487 2167 mater
512 2133 603 2176 figuli

321 2184 571 2222 Universitatis‚

270 2236 395 2269 Contra
420 2243 516 2276 quem
542 2233 708 2267 inereduli

316 2283 539 2317 Fremuerunt
563 2284 677 2325 gratis,

267 2336 391 2368 Aurem
417 2334 542 2376 praebe
570 2333 693 2368 servuli

316 2383 379 2416 Tui
404 2383 619 2428 praedicatis,

268 2432 393 2475 Quibus
421 2439 454 2469 te
481 2437 514 2467 et
539 2434 648 2475 angeli

318 2483 473 2518 Laudent
500 2492 572 2517 cum
597 2482 716 2518 beatis,

920 1721 951 1754 3.
980 1722 1064 1764 Ave,
1092 1719 1185 1762 virgo
1209 1719 1314 1762 gloria

1023 1769 1100 1802 Tibi
1127 1769 1332 1811 devotorum,

976 1819 1161 1852 Providens
1189 1828 1229 1852 ex
1255 1820 1361 1861 gratia

1026 1867 1131 1901 Saluti
1158 1877 1280 1910 eorum,

978 1916 1053 1953 Non
1079 1917 1201 1950 timebo
1228 1918 1319 1950 milia

1025 1966 1314 2007 Adversariorum,

979 2015 1014 2049 Si
1040 2016 1122 2048 assis
1149 2017 1339 2057 praesentia

1027 2065 1200 2098 Munerum
1226 2069 1366 2101 tuorum.

946 2162 952 2168 .
980 2135 1062 2177 Ave,
1089 2143 1167 2177 ager
1191 2134 1363 2177 proferens

1028 2183 1273 2218 Benedictionis

977 2233 1147 2276 Fructum,
1173 2235 1229 2276 qui
1254 2235 1407 2270 reficiens

1028 2283 1091 2316 Est
1115 2292 1173 2317 nos
1199 2286 1332 2319 summis
1359 2286 1465 2330 bonis,

978 2332 1059 2366 Esto
1085 2332 1149 2366 mei
1176 2334 1333 2369 miserens

1030 2382 1193 2425 Tempore
1216 2385 1339 2428 agonis,

979 2432 1105 2466 Larvas
1130 2435 1243 2476 turpes
1270 2435 1405 2478 abigens

1027 2481 1183 2516 Barathri
1210 2485 1373 2519 draconis.
