1650 2671
171 2320 229 2355 10.

694 140 735 143 —
794 120 957 155 182—

219 245 224 252 .
253 219 335 260 Ave,
364 216 435 251 fons
473 217 660 250 dulcissime

306 267 412 309 Super
437 267 524 300 omni
549 266 659 309 melle,

261 316 349 356 Quae
374 317 465 348 tenes
489 315 666 348 iustissime

309 365 435 398 Nomen
460 364 560 396 maris
586 364 713 405 stellae,

259 413 439 447 Mundialis
466 413 573 445 adime

308 463 468 504 Impetum
494 462 669 504 procellae,

255 512 344 552 Quae
369 510 526 544 decurvat
551 511 678 543 animae

306 560 403 593 Meae
428 559 547 592 bonum
572 559 667 592 velle.

222 665 231 673 .
253 639 336 681 Ave,
363 641 468 672 mater
493 639 627 680 gratiae,

306 688 416 721 Mater
443 687 604 729 divinalis,

257 737 355 778 Regis
382 736 464 768 caeli
490 738 600 769 curiae

306 786 457 818 Thronus
481 786 672 827 principalis

257 835 346 868 Laus
372 837 448 866 tuae
474 834 666 867 clementiae

304 884 397 916 Haec
421 892 480 916 nos
506 883 658 924 specialis

254 933 386 966 Reddat
410 932 624 972 innocentiae,

303 980 459 1014 Redimat
484 991 504 1013 a
528 981 633 1017 malis.

225 1084 232 1091 .
259 1060 341 1098 Ave,
368 1068 461 1101 quam
489 1068 575 1091 nunc
596 1059 679 1098 adeo

305 1107 378 1140 Hac
402 1107 619 1151 hymnologia,

259 1156 342 1189 Nam
367 1159 401 1188 te
426 1156 523 1188 laude
549 1165 663 1188 censeo

304 1205 454 1247 Dignam,
479 1214 498 1237 o
522 1205 641 1246 Maria,

257 1253 355 1287 Unde
379 1253 439 1285 tibi
466 1254 611 1296 spondeo

305 1302 513 1342 Servitutem,
539 1302 605 1345 pia,

255 1351 391 1384 Interim
417 1351 503 1391 quod
529 1354 659 1383 transeo

303 1400 340 1432 ln
368 1400 461 1432 huius
491 1399 577 1432 vitae
602 1400 666 1433 via.

220 1503 227 1511 .
256 1478 338 1521 Ave,
367 1477 570 1510 admirabilis

304 1526 435 1560 Cunctis
462 1536 480 1558 o
508 1525 649 1567 femella,

255 1575 356 1615 Quam
384 1584 463 1607 voco
490 1575 630 1608 literulis

302 1624 341 1657 In
367 1623 427 1667 his,
455 1624 555 1656 maris
581 1625 687 1664 stella,

257 1673 282 1705 O
309 1677 414 1706 mater
439 1673 599 1705 amabilis.

305 1722 367 1755 Pro
393 1730 445 1753 me
469 1722 645 1762 interpella

257 1769 372 1804 Stante
396 1770 428 1802 in
456 1771 610 1811 periculis

304 1819 486 1860 Mundique
511 1820 666 1860 procella.

218 1923 225 1931 .
254 1900 335 1939 Ave,
363 1897 473 1931 Iudith
502 1897 654 1942 fortiter·

304 1947 424 1980 Hostes
454 1956 539 1988 quae
563 1949 755 1991 prosternis,

256 1995 383 2038 Corpus
410 2005 482 2028 cum
507 1996 648 2031 viriliter

303 2045 450 2078 Truncas
476 2045 666 2079 Holofernis

254 2094 349 2127 Adeo
376 2092 530 2127 flebiliter

303 2143 351 2176 Te
375 2152 471 2187 nune,
498 2146 612 2185 mater,
641 2146 746 2178 cernis

255 2192 309 2227 Uti
334 2201 386 2225 me
409 2192 560 2225 hilariter

302 2241 445 2274 Mundes
470 2241 504 2273 in
529 2241 678 2276 internis.

747 2172 757 2189 7

255 2321 337 2362 Ave,
365 2320 461 2353 stella
487 2319 606 2353 nobilis

304 2369 471 2410 Stellaque
495 2378 621 2410 serena,

257 2419 390 2453 Cunctis
417 2427 530 2451 carens
556 2419 691 2452 maculis

306 2468 484 2509 Gratiaque
508 2468 617 2513 plena,

874 445 929 480 11.

870 867 925 899 12.

871 1286 927 1319 13.

872 1707 928 1740 14.

873 2130 928 2163 15.

957 220 1068 261 Alliga
1091 228 1149 252 nos
1176 219 1316 252 vinculis

1004 268 1049 301 Et
1073 268 1155 310 legis
1180 268 1319 309 habena,

959 316 1099 351 Servens
1125 327 1145 350 a
1168 318 1308 359 piaculis

1008 366 1181 408 Stygisquc
1206 367 1343 408 hyaena.

958 446 1040 485 Ave,
1068 453 1150 486 quae
1177 453 1211 476 es
1236 454 1418 486 pauperum

1004 493 1115 526 Mater
1139 492 1296 537 liberalis,

956 542 1098 575 Tuorum
1123 541 1182 574 hos
1208 551 1376 574 munerum

1005 591 1183 630 Protegens
1209 590 1268 622 sub
1294 590 1366 633 alis,

955 639 1078 674 Libera
1103 647 1154 670 me
1178 638 1343 680 miserum,

1004 688 1184 729 Deprecor,
1212 697 1231 719 a
1254 687 1348 720 malis

955 737 1071 779 Daque
1095 737 1200 769 locum
1226 745 1380 777 superum

1003 787 1098 820 Vitae
1122 785 1308 819 aeternalis.

953 866 1035 905 Ave,
1063 863 1154 897 sidus
1179 872 1277 896 aureo

1002 912 1152 946 Rutilans
1179 911 1316 954 fulgore,

953 962 1054 995 Modo
1082 961 1171 993 cuius
1196 959 1309 994 ferveo

1005 1011 1081 1043 Pius
1106 1010 1142 1041 in
1169 1019 1290 1051 amore,

955 1060 1077 1093 Lustra
1101 1067 1153 1090 me
1178 1058 1323 1100 virgineo

1003 1108 1072 1141 Tuo
1101 1116 1172 1139 cum
1199 1107 1377 1148 splendore

956 1157 1107 1189 Tinctum
1134 1154 1290 1197 fuligineo

1004 1205 1170 1239 Scelerum
1197 1205 1317 1239 colore.

953 1286 1033 1328 Ave,
1061 1292 1157 1325 quam
1183 1283 1337 1316 alacriter

1001 1334 1124 1366 Manus
1150 1333 1279 1364 acutela

954 1382 1068 1415 Laudo
1096 1384 1126 1412 et
1154 1381 1326 1414 sinceriter

1002 1431 1041 1463 In
1066 1431 1131 1462 ista
1154 1430 1295 1471 loquela,

957 1480 1105 1513 Pellatur
1131 1479 1283 1512 celeriter

1000 1529 1065 1561 Per
1090 1530 1122 1559 te
1149 1529 1349 1572 corruptela,

956 1577 1080 1610 lndidit
1105 1577 1278 1617 pellaciter

1002 1627 1104 1666 Quam
1132 1625 1242 1667 Stygis
1269 1627 1423 1661 muscela.
1476 1642 1479 1645 ·

955 1706 1038 1741 Ave,
1066 1705 1315 1738 tabernaculum

1007 1754 1158 1787 Summae
1184 1754 1353 1795 trinitatis,

956 1803 1116 1845 Pauperis
1139 1803 1378 1844 umbraculum,

1004 1853 1111 1886 Pausa
1136 1851 1294 1896 fatigatis,

958 1902 1010 1935 Sis
1036 1900 1131 1935 nobis
1155 1901 1331 1934 latibulum

1004 1952 1144 1984 Multu‘m
1171 1951 1349 1986 tribula-tiS.

955 1999 1122 2034 Auferens
1148 2001 1314 2041 piaculum

1005 2050 1149 2083 Nostrae
1171 2050 1357 2091 pravitatis.

955 2130 1037 2173 Ave,
1066 2129 1313 2170 prudentissimi

1005 2178 1187 2212 Salomonis
1213 2182 1301 2220 nata,

957 2228 1037 2261 Filii
1065 2227 1247 2261 dulcissimi

1003 2276 1139 2311 Dextris
1165 2277 1296 2322 sociata,

956 2326 1026 2359 Mei
1050 2327 1095 2359 sis
1121 2326 1323 2368 pauperrimi

1007 2376 1158 2410 Clemens
1186 2375 1355 2420 advocata,

962 2424 1034 2457 Nec
1059 2425 1230 2468 permittas
1257 2426 1375 2467 perimi

1004 2474 1061 2507 Me
1090 2477 1228 2516 propter
1251 2479 1400 2517 peccata.
