1650 2671
170 214 252 248 110.
267 214 350 257 Ave,
378 214 431 247 via
456 214 588 260 gloriae,

317 264 450 297 Veritas
477 266 510 296 et
535 265 613 308 vita,

269 314 333 347 Per
359 322 454 354 quam
480 313 660 346 iniustitiae

252 366 258 372 “
316 364 386 397 Lex
413 361 476 394 fuit
500 363 618 405 sopita,

267 412 361 445 Dono
388 412 569 452 sapientiae

316 462 459 495 Mentem
486 470 589 494 meam
618 462 696 503 dita,

269 513 337 552 Quo
364 510 404 543 ab
432 510 534 543 hostis
561 511 654 543 rabie

315 560 394 593 Fiat
418 560 635 600 praemunita.

172 641 252 673 111.
269 641 349 679 Ave,
378 639 433 678 qui
456 647 488 670 es
515 639 640 680 gratiae

316 687 520 721 Distributor
541 688 660 726 iustus,

267 738 317 770 Tu
344 738 480 770 decorus
507 735 600 781 facie,

314 786 457 826 Fulgens
482 789 515 818 et
540 789 703 826 venustus,

268 837 323 869 Ad
348 839 382 867 te
408 835 511 867 clamo
537 835 650 867 scabie

317 884 482 918 Scelerum
509 888 653 924 onustus,

268 933 466 967 Praesertim
493 933 649 965 lasciviae

316 984 404 1016 Face
429 983 613 1016 semiustus,

172 1063 252 1094 112.
270 1062 348 1103 Ave,
375 1061 419 1092 mi
444 1059 604 1103 amabilis,

316 1111 399 1148 Ave,
426 1109 583 1150 speciose,

270 1159 401 1192 Cunctis
429 1167 543 1190 carens
568 1157 715 1200 maculis,

314 1207 446 1241 Rubens
471 1207 577 1239 instar
603 1215 707 1248 rosae,

266 1258 352 1291 Vere
379 1255 577 1289 venerabilis

314 1306 420 1339 Menti
445 1314 613 1337 amorosae

263 1355 310 1389 Et
336 1355 491 1388 colendus
516 1354 621 1386 titulis

314 1404 464 1437 Laudum
492 1404 633 1444 copiose.

171 1485 249 1517 113.
266 1484 348 1525 Ave,
376 1481 449 1514 fons
478 1482 667 1522 clarissime,

317 1532 492 1565 Continens
518 1531 665 1563 viventes

265 1583 388 1622 Aquas,
419 1581 459 1613 de
485 1589 546 1621 quo
574 1585 701 1612 animae

313 1630 480 1663 Haurmnt
506 1629 686 1669 credentes»,

267 1679 342 1713 lesu
365 1678 609 1721 benignissime,

316 1730 355 1762 In
381 1731 413 1759 te
441 1726 642 1760 confidentes

266 1778 375 1810 Ablue
401 1777 613 1817 spurcissime

317 1826 448 1860 Scelere
475 1826 656 1858 sordentes.

171 1907 251 1939 114.
268 1909 348 1950 Ave,
376 1905 466 1946 gigas
493 1908 634 1945 strenue,

315 1955 447 1988 Fortior
474 1953 640 1997 Samsone,

270 2004 367 2037 Cuius
393 2003 464 2035 laus
489 2003 622 2035 assidue

317 2053 420 2086 Fatur
444 2052 479 2084 in
504 2051 649 2091 ambone,

268 2102 387 2135 Vivere
409 2101 548 2133 innocue

316 2152 386 2184 Fac
410 2158 472 2191 me,
498 2150 573 2182 lesu
599 2150 694 2191 bone,

267 2201 414 2235 Laudem
441 2203 476 2231 ut
502 2203 662 2241 perpetue

316 2250 365 2283 Te
391 2248 474 2280 caeli
497 2249 642 2291 regione.

173 2331 252 2364 115.
267 2331 350 2370 Ave,
378 2327 681 2368 splendidissimum

318 2376 453 2413 Greduli
476 2376 607 2418 monile,

270 2429 333 2462 Cor
359 2427 449 2461 cuius
474 2426 684 2467 purissimum

318 2478 417 2513 Facis
445 2481 478 2508 et
500 2475 630 2517 subtile,

818 114 963 151 66-—

972 214 1030 247 Me
1056 217 1224 248 curvatum
1250 213 1408 247 famulum

1021 264 1129 297 Tuum
1154 265 1196 297 ad
1222 264 1328 297 sedile

975 312 1127 346 Reducas
1153 314 1195 347 ad
1223 313 1331 346 ovium

1023 363 1166 396 Tuarum
1193 362 1287 396 ovile.

880 441 959 475 116.
976 442 1058 483 Ave,
1085 451 1180 482 quem
1206 441 1379 474 sinceriter

1021 490 1110 523 Caeli
1136 491 1324 524 hierarchia

970 539 1145 572 Collaudat
1168 540 1371 573 sollemniter

1021 588 1110 620 Mira
1136 589 1343 630 symphonia,

972 635 1114 669 Subveni
1142 637 1292 670 celeriter

1019 685 1098 718 Cum
1125 690 1230 719 matre
1255 685 1365 718 Maria

969 734 1063 775 Mihi,
1093 736 1147 776 qui
1175 733 1328 768 debiliter

1019 783 1162 817 Gradior
1186 785 1220 817 iu
1247 784 1310 817 via.

876 863 955 896 117.
972 863 1053 901 Ave,
1082 872 1175 903 quem
1204 863 1349 896 anterior

1022 911 1165 952 Populus
1193 912 1334 953 maligne

971 960 1113 1005 Abiecit,
1139 960 1303 1003 posterior

1019 1008 1084 1042 Sed
1110 1011 1231 1044 amavit
1261 1010 1369 1052 digne,

969 1057 1116 1100 Suscipe,
1144 1062 1177 1091 te
1205 1059 1374 1102 deprecor,

1021 1107 1160 1140 Carmen
1185 1109 1247 1140 hoc
1271 1108 1411 1150 insigne,

971 1156 1127 1189 Laudare
1153 1167 1215 1198 quo
1242 1157 1360 1190 molior

1020 1206 1078 1246 Te,
1106 1206 1180 1238 Iesu
1207 1206 1357 1247 benigne.

875 1283 957 1318 118.
971 1284 1053 1326 Ave,
1081 1284 1286 1326 theologicae

1017 1334 1144 1366 Auctor
1169 1333 1330 1376 veritatis,

969 1382 1119 1414 Vincitur
1144 1383 1330 1415 haereticae

1017 1430 1123 1464 Fraus
1150 1441 1213 1473 qua
1239 1430 1404 1473 falsitatis,

969 1479 1075 1522 Meae,
1104 1490 1232 1523 precor,
1261 1481 1353 1513 abice

1021 1529 1125 1562 Chaos
1151 1530 1337 1573 pravitatis,

972 1576 1027 1609 Sic
1051 1588 1103 1611 me
1128 1581 1261 1612 tandem
1287 1580 1382 1612 adice

1020 1626 1234 1661 Beatificatis.

879 1707 957 1739 119.
974 1707 1055 1749 Ave,
1084 1706 1140 1739 via
1165 1711 1267 1748 regia,

1021 1754 1140 1787 Tutum
1169 1756 1250 1788 dans
1278 1757 1430 1788 ducatum

971 1803 1025 1835 Ad
1054 1805 1136 1836 caeli
1161 1805 1286 1846 palatia

1022 1854 1103 1886 Post
1127 1854 1214 1886 hunc
1238 1854 1429 1898 incolatum,

974 1901 1082 1935 Corda
1109 1903 1300 1936 vacillantia

1020 1953 1060 1984 Vi
1087 1953 1326 1985 adversitatum

974 2001 1045 2034 Tua
1070 2003 1173 2035 reduc
1198 2002 1306 2043 gratia

1021 2051 1076 2083 Ad
1104 2052 1247 2092 quietum
1275 2054 1405 2085 statum.

878 2126 958 2161 120.
975 2126 1056 2167 Ave,
1084 2127 1140 2158 lux
1166 2124 1315 2170 mirifica,
1341 2113 1347 2122 ⁶

1021 2174 1093 2207 Lux
1118 2176 1193 2207 miri
1219 2175 1418 2221 splendoris,

974 2223 1089 2256 Gratia
1116 2223 1233 2257 deifica

1021 2272 1125 2306 Mella
1151 2274 1232 2306 dans
1259 2273 1390 2315 amoris,

973 2322 1105 2366 Precor,
1131 2332 1184 2355 me
1209 2321 1357 2355 rectifica

1020 2371 1114 2405 Intus
1140 2376 1238 2414 atque
1262 2370 1354 2415 foris,

971 2420 1118 2463 Abigens
1144 2420 1336 2455 molestifica

1024 2470 1210 2513 Gausasque
1233 2472 1404 2508 maeroris,
