1650 2671
693 115 960 151 —128—

156 218 215 250 42.
230 216 313 257 Ave,
340 216 426 258 Iesu,
455 213 696 254 desiderabilis,

225 264 281 297 Ad
308 272 404 306 quem
428 263 530 295 melos

301 315 446 346 nostrum
476 310 657 353 dirigimus,

226 361 381 394 Inimicus
405 368 446 393 ne
471 358 648 392 invisibilis

225 410 294 443 Nos
304 410 505 450 supplantet,
518 409 636 441 devote
646 408 798 448 petimus.

155 500 214 533 43.
230 499 313 540 Ave,
341 497 426 539 lesu,
454 497 510 537 qui
533 497 640 537 patris
665 495 801 528 dextera

225 547 272 580 Es
298 549 432 580 vocatus
461 554 518 578 ore
543 545 747 589 prophetico,

233 596 460 629 Oblatrantum
489 595 616 636 linguas
644 593 799 634 dilacera,

233 645 419 678 Collocatae
433 652 515 684 quae
528 647 604 676 sunt
616 644 650 676 in
659 642 798 676 lubrico.

152 736 210 768 44.
225 734 308 773 Ave²
335 733 422 773 Iesu,
449 731 700 773 speciosissime,

226 783 323 816 Cuius
346 782 455 814 vultus
481 785 529 813 est
545 781 662 822 plenus
680 780 796 822 gratia,

215 831 407 876 ‚Exoramus
432 834 467 863 te
487 838 573 862 nunc
593 830 798 869 cordintime,

226 880 271 913 Ut
295 888 355 913 nos
380 880 502 912 liberes
529 879 569 911 ab
597 879 757 920 angustia.

154 972 211 1003 45.
227 969 306 1006 Ave.
337 968 422 1005 Iesu,
450 967 485 999 in
511 976 573 1008 quo
598 967 783 999 absconditi

225 1017 307 1050 Sunt
323 1016 469 1048 thesauri
492 1016 647 1048 donorum
661 1016 797 1057 gratiae,

225 1066 277 1098 Ne
294 1075 352 1098 no:
372 1073 465 1097 casus
479 1064 673 1104 perturbent
687 1064 798 1101 subiti,

224 1114 305 1147 Esto
330 1113 425 1145 nobis
452 1113 486 1145 iu
515 1113 723 1145 adiutorium.

860 215 919 249 46.
936 216 1018 247 Ave.
1045 215 1131 257 Iesu,
1158 215 1214 255 qui
1238 214 1307 247 alta
1331 210 1464 244 nubium

933 264 1125 296 Ascendisti
1149 264 1272 296 virtute
1296 260 1444 302 propria,

933 311 1051 345 Sedem
1076 312 1170 345 nobis
1199 313 1285 345 dona
1303 309 1502 350 caelestium,

933 361 981 394 Ut
1011 360 1172 394 laetemur
1197 364 1304 393 tecum
1330 359 1365 392 in
1391 357 1507 399 gloria.

859 448 918 482 47.
933 449 1015 488 Ave,
1042 449 1128 492 Iesu,
1156 449 1248 480 cuius
1273 448 1308 480 in
1334 445 1454 480 finibus

933 496 1058 529 Terrae
1082 506 1200 529 nomen

1006 546 1143 587 lausque
1168 545 1366 587 agnoscitur,

931 595 996 627 Per
1005 598 1038 626 te
1048 594 1127 627 iusti
1135 594 1506 635 splendentvirtutibus‚

928 642 1506 685 Superborumquemensconteritur.

860 732 1014 776 48.Ave‚
1043 733 1128 770 Iesu,
1159 733 1248 765 cuius
1275 741 1311 765 os
1334 732 1479 773 loquitur

931 782 1023 814 Inter
1050 781 1185 814 devotos
1211 782 1417 823 sapientiam,

934 830 1010 862 Vita
1034 835 1148 863 sancta
1173 831 1268 863 iustis
1295 831 1492 871 proponitur

934 879 1108 912 Imitabilis
1133 888 1194 921 per
1219 879 1440 921 prudentiam.

859 969 917 1000 49.
934 968 1015 1007 Ave,
1043 967 1128 1009 Iesu,
1155 968 1212 1000 lux
1239 967 1329 1001 orbis
1354 968 1480 1005 inclita,

932 1018 1002 1055 Qua
1028 1016 1133 1048 beatis
1158 1016 1249 1049 Deus
1275 1017 1472 1051 ostenditur.

932 1065 987 1097 Ad
1018 1074 1162 1105 superna
1187 1066 1232 1098 sis
1259 1065 1353 1098 nobis
1379 1067 1506 1105 semita,

932 1114 1504 1156 Perquemomnebonumegreditur.

477 1202 532 1235 50.
546 1201 630 1241 Ave,
658 1202 743 1243 lesu,
768 1200 1016 1234 misericordiae

546 1249 647 1288 Fons,
673 1250 825 1283 relaxans
851 1250 953 1291 lapsis
981 1252 1182 1291 peccamina,

544 1299 662 1332 Mundi
688 1297 815 1332 fraudis
841 1303 939 1341 atque
964 1300 1111 1332 malitiae

548 1348 675 1381 Cuncta
699 1347 803 1388 aufer,
831 1357 962 1388 quaeso,
992 1349 1194 1382 discrimina.

629 1474 948 1517 Quinquagena.
970 1476 1015 1509 Π.

149 1566 191 1599 51
199 1591 206 1599 .
221 1565 304 1606 Ave,
318 1573 379 1606 per
388 1573 482 1605 quem
492 1563 657 1596 mundana
667 1564 796 1596 vanitas

222 1613 285 1646 Est
313 1615 479 1647 destructa
505 1613 662 1645 virtutum
683 1621 794 1653 opere,

221 1663 302 1695 Post
320 1664 405 1695 hanc
423 1663 522 1695 vitam
541 1665 599 1694 tua
611 1662 796 1702 benignitas

223 1711 291 1744 Nos
322 1711 429 1745 olivae
453 1711 568 1753 iungat
592 1709 793 1745 fructiferae.

150 1802 206 1833 52.
222 1800 303 1844 Ave,
332 1799 417 1837 Iesu,
446 1799 535 1831 cuius
564 1798 736 1831 clementia

222 1849 417 1881 consolatur
440 1856 500 1880 nos
521 1848 557 1880 iu
580 1847 793 1892 maeroribus,

220 1897 290 1931 Nos
315 1907 335 1930 a
359 1897 473 1930 mundi
498 1905 583 1929 vana
608 1897 775 1937 placentia

219 1946 375 1979 Liberato
397 1949 495 1987 atque
520 1945 711 1978 terroribus.

148 2037 205 2070 53.
220 2035 302 2075 Ave,
327 2033 413 2069 Iesu,
439 2032 528 2066 Deus
554 2032 776 2077 absconditus,

222 2083 283 2123 Qui
308 2081 400 2115 fuisti
427 2082 560 2122 virginis
584 2084 689 2121 utero,

221 2132 270 2165 Te
298 2140 397 2164 exoro
424 2131 571 2173 pecc-atis
600 2131 743 2174 deditus,

220 2181 267 2214 Ut
290 2190 343 2213 me
366 2180 480 2221 iungas
507 2180 615 2212 coetui
638 2188 769 2221 supero.

148 2273 205 2305 54.
220 2271 302 2314 Ave,
330 2268 404 2302 Iesu
431 2268 521 2301 cuius
547 2269 759 2301 sacerrimum

223 2319 347 2360 Corpus
362 2326 425 2358 pen
431 2318 510 2350 (lens
520 2318 555 2350 in
564 2318 670 2350 crucis
679 2318 794 2358 stipite

219 2367 431 2411 Propulsavit

289 2418 418 2451 hostem
444 2417 666 2460 deterrimum,

222 2469 417 2501 iulnerarat
443 2466 497 2507 qui
523 2475 582 2498 nos
608 2465 761 2507 ancipite.

858 1566 1013 1608 55.Ave‚
1041 1565 1127 1604 Iesu,
1157 1566 1247 1598 cuius
1276 1566 1464 1599 calcaneum

932 1613 1159 1647 Observarunt
1184 1615 1301 1648 ludaei
1326 1615 1469 1658 subdoli,

931 1662 1054 1696 Locum
1074 1663 1168 1696 nobis
1182 1667 1317 1704 praesta
1329 1664 1506 1704 sidereum,

929 1712 1016 1752 Quos
1045 1712 1165 1745 creasti
1189 1713 1312 1746 dudum
1331 1723 1371 1746 ex
1390 1714 1505 1748 nihilo.

858 1802 913 1834 56.
928 1802 1011 1843 Ave,
1040 1802 1131 1834 cuius
1157 1802 1386 1837 misericordia

932 1850 1128 1883 Consolatur
1153 1856 1280 1884 mentes
1306 1851 1464 1898 fidelium,

930 1899 1149 1932 Turbatorum
1177 1900 1272 1934 aufer
1290 1902 1502 1943 opprobrium

930 1947 979 1980 De
1005 1952 1157 1989 supernis
1182 1951 1317 1983 mittens
1333 1952 1504 1987 auxilium.

858 2039 876 2070 5
883 2039 913 2071 7.
929 2038 1013 2079 Ave,
1025 2037 1136 2073 clavis,
1151 2047 1232 2078 quae
1245 2039 1370 2073 caelum
1378 2049 1508 2075 reseras

928 2086 1039 2129 Iustis,
1066 2087 1200 2120 vincunt

1004 2135 1058 2176 qui
1085 2135 1187 2168 hostis
1214 2137 1360 2181 laqueos,

926 2183 1052 2216 Mentis
1064 2189 1198 2217 nostrae
1208 2188 1352 2219 emunda
1361 2188 1508 2221 latebras

927 2231 1112 2265 Eradicans
1138 2235 1243 2266 ramni
1270 2237 1411 2269 aculeos

857 2321 913 2354 58.
927 2320 1010 2357 Ave,
1038 2321 1126 2363 lesu,
1144 2326 1331 2356 sanctorum
1351 2326 1505 2366 gaudium

926 2369 1036 2410 Atque
1057 2379 1183 2403 merces
1204 2373 1260 2412 qui
1272 2372 1359 2406 iuste
1374 2374 1506 2418 diceris,

927 2417 986 2449 Bis
1012 2421 1143 2452 acutum
1171 2420 1213 2453 (la
1239 2422 1321 2455 mihi
1347 2425 1493 2465 gladium

928 2466 1058 2507 Duplae
1075 2469 1166 2510 lw-tiS,
1192 2480 1295 2504 novae
1314 2482 1353 2505 ac
1370 2476 1503 2510 veteris.
