1650 2671
206 219 264 252 26.
291 219 374 260 Ave,
402 218 504 262 virgo,
532 220 657 263 clipeus

339 267 595 313 Interfectionis,

289 316 491 351 Daemonum
518 328 581 361 quo
609 329 728 354 cuneus

336 366 604 410 congregationis

291 415 412 449 Christi
438 419 505 450 stat
528 418 696 463 innocuuS‚

334 466 431 499 Meae
456 467 609 509 nationis,

287 514 335 547 Te
362 525 472 557 exoro,
500 517 624 558 clipeus

336 564 387 597 Sis
416 563 626 601 defensionis.

202 643 259 676 27.
286 644 372 686 Ave,
401 644 580 684 splendens
605 646 745 679 lectulus

336 693 460 726 Summi
487 693 679 735 Salomonis,

282 741 428 775 Exstans
454 743 536 776 mire
561 742 697 778 floridus

333 791 521 825 Gratiarum
546 793 651 835 donis,

281 840 376 873 Assis
399 840 481 873 mihi
506 841 655 883 protinus

327 889 490 930 Tempore
516 889 638 931 agonis,

278 937 329 969 Ne
354 940 433 970 tunc
457 939 573 971 tradar
597 937 746 971 manibus

323 986 427 1020 Inferi
455 987 618 1021 draconis.

190 1066 247 1099 28.
274 1067 357 1107 Ave,
385 1066 501 1099 domus
525 1065 617 1108 figuli

326 1114 570 1158 Universitatis‚

278 1163 342 1196 Per
367 1173 462 1205 quam
489 1173 598 1197 sumus
624 1165 743 1206 singuli

327 1213 416 1254 Opus
442 1212 562 1246 bonum
588 1214 677 1253 satiS,

275 1262 399 1294 Aurem
424 1262 547 1302 praebe
574 1262 687 1295 famuli

324 1311 386 1344 Tui
411 1311 622 1356 praedicatis,

274 1360 375 1401 Quem
402 1360 599 1394 conturbant
624 1361 743 1394 aemuli

326 1410 365 1442 Vi
391 1409 614 1451 malignitatis.

187 1489 244 1522 29.
268 1489 351 1531 Ave,
380 1498 476 1531 quam
503 1487 714 1521 concentibus

322 1538 477 1571 Laudant
502 1541 704 1581 supernates,

274 1588 459 1629 Priscisque
486 1588 689 1629 temporibus

321 1637 422 1677 Quam
450 1637 614 1677 scripsere
640 1639 742 1677 vates,

270 1686 450 1720 Precamur
476 1687 644 1730 attentius,

319 1735 425 1769 Aufer
451 1736 645 1779 pravitates,

271 1785 322 1817 Ne
345 1789 421 1826 post
446 1793 568 1826 poenas
595 1784 703 1818 acrius

323 1835 479 1868 Premant
502 1833 694 1876 infernateS.

189 1914 244 1948 30.
273 1913 358 1956 Ave,
387 1912 591 1946 delectabilis

320 1962 460 1996 Animae
485 1962 636 2003 dulcedo,

272 2012 342 2052 Qua
367 2011 500 2054 fugatur
525 2009 644 2044 flebilis

321 2061 499 2103 Culparum
523 2062 636 2103 anselo,

267 2113 392 2153 Purges
419 2120 438 2145 a
463 2111 604 2152 piaculis

318 2161 423 2204 Viam,
451 2170 515 2202 qua
539 2161 668 2200 incedo,

266 2211 318 2244 Ne
343 2221 396 2244 me
421 2211 562 2252 stringat
587 2210 728 2243 vinculis

315 2260 494 2294 Infernalis
521 2261 657 2302 praede.

177 2341 235 2376 31.
262 2341 347 2385 Ave,
371 2340 456 2382 fons,
484 2340 624 2374 ariditas

312 2391 436 2425 Mentis
464 2400 527 2432 quo
552 2390 688 2433 rigatur,

263 2441 369 2474 Prece
395 2444 453 2474 tua
474 2441 626 2482 ‚pravitas

314 2490 396 2524 Eius
424 2499 495 2523 cum
522 2490 664 2530 laxatur,

832 123 900 161 199
956 144 990 148 --

994 224 1082 258 Hinc
1108 234 1180 257 mea
1200 225 1364 267 pusillitas

1043 274 1146 307 Deum
1175 274 1380 315 deprecatur,

993 323 1039 357 Ut
1064 332 1124 364 per
1149 325 1182 356 te
1207 324 1362 365 iniquitas

1039 372 1118 405 Mea
1144 372 1337 406 dimittatur.

907 450 963 483 32.
990 453 1072 496 Ave,
1101 451 1191 483 cuius
1218 452 1323 492 gratia

1040 498 1180 543 Hymnis
1206 500 1257 533 his
1285 500 1419 542 desudo,

992 552 1095 590 Quam
1121 551 1217 581 ornat
1241 549 1367 582 iustitia

1039 601 1149 640 Atque
1174 597 1373 639 sanctitudo,

989 648 1098 681 Pellat
1122 646 1163 678 ab
1190 647 1329 679 ecclesia

1036 697 1107 729 Tua
1132 696 1279 728 lenitudo

986 745 1088 777 Modo
1115 753 1261 785 quaeque
1286 744 1395 777 tristia

1034 794 1205 832 Ponatque
1229 794 1264 825 in
1290 793 1382 827 sudo.

900 871 956 904 33.
984 872 1068 912 Ave,
1095 870 1185 904 cuius
1213 871 1335 904 mititas

1031 920 1142 961 Atque
1170 920 1384 953 mansuetudo

981 970 1113 1002 Miseris
1141 971 1190 1000 est
1217 968 1354 1002 firmitas

1031 1018 1107 1051 Sive
1133 1017 1303 1059 fortitudo,

961 1068 1045 1101 ‘Per
1070 1071 1105 1101 te
1128 1075 1203 1099 mea
1227 1068 1371 1108 gravitas

1028 1117 1073 1150 Et
1097 1116 1288 1157 inquietudo

981 1166 1131 1199 Tollatur
1157 1174 1196 1198 ac
1222 1166 1368 1206 pravitas

1028 1215 1098 1248 Nec
1124 1224 1188 1247 non
1215 1214 1396 1257 turpitudo,

895 1294 952 1327 34.
978 1294 1061 1335 Ave,
1090 1293 1215 1328 Christi
1239 1293 1373 1327 Domini

1030 1342 1160 1375 Nobilis
1186 1343 1328 1385 alumna,

979 1392 1146 1425 Praebens
1174 1392 1259 1424 viam
1287 1392 1409 1426 homini

1027 1441 1074 1475 Ut
1099 1441 1177 1474 olim
1204 1442 1364 1482 columna,

912 1501 918 1507 ·
978 1491 1164 1524 Christiano
1190 1491 1314 1523 nomini

1027 1541 1163 1574 Sonicos
1191 1549 1351 1582 expugna,

976 1589 1163 1622 Tendentes
1189 1590 1335 1622 unanimi

1025 1638 1159 1672 Fraude
1186 1639 1236 1672 vel
1264 1648 1430 1673 aerumna.

890 1719 946 1751 35.
973 1718 1057 1760 Ave,
1083 1717 1185 1751 turris
1212 1718 1348 1759 gratiae,

1026 1769 1098 1800 Ave
1124 1767 1224 1799 turris
1251 1767 1368 1812 greg187

976 1817 1064 1857 Quae
1090 1825 1187 1849 manu
1213 1816 1381 1857 potentiae

1024 1866 1115 1898 Tuae
1141 1868 1213 1897 tuos
1239 1866 1334 1910 tegis,

975 1914 1086 1948 Subde
1111 1923 1170 1947 nos
1195 1915 1341 1948 iustitiae

1022 1963 1222 2006 Regulisque
1247 1965 1342 2007 legis,

974 2012 1021 2046 Ut
1046 2018 1150 2047 mater
1176 2014 1367 2048 clementiae

1022 2064 1108 2104 Quos
1135 2062 1274 2105 benigne
1300 2064 1397 2105 regis,

889 2142 945 2175 36.
973 2141 1056 2184 Ave,
1083 2144 1199 2182 mater,
1227 2143 1344 2177 ostium

1024 2191 1146 2225 Caelici
1170 2194 1319 2237 Augusti,

975 2241 1039 2274 Per
1066 2240 1153 2282 quod
1181 2242 1263 2275 caeli
1288 2243 1443 2286 gaudium

1020 2289 1151 2323 ‘intrant
1176 2300 1286 2325 omnes
1309 2293 1398 2337 iusti,

974 2338 1078 2373 Aufer
1106 2339 1303 2375 desiderium

1019 2389 1169 2423 Hominis
1196 2393 1325 2436 vetusti,

971 2438 1118 2473 Maxime
1144 2450 1204 2482 per
1230 2442 1362 2475 vitium=

1023 2490 1160 2523 Veneris
1186 2491 1306 2526 adusti.
