1650 2671
133 244 215 277 135.

136 666 216 700 136.

140 1088 221 1122 137.

139 1509 221 1544 138.

138 1935 220 1970 139.

140 2364 221 2400 140,

678 140 820 177 -83
873 161 917 165 ..-

245 245 324 283 Ave,
352 240 524 284 sapientia,

290 291 400 326 Omnis
427 290 504 323 boni
530 290 653 334 nutrix,

240 341 392 381 Veraque
416 338 553 380 iustitia,

289 389 372 423 Mali
397 389 613 433 persecutrix,

242 438 312 472 Tua
337 439 381 471 sit
407 438 579 471 clementia

291 487 417 521 Nostra
442 496 572 530 semper
597 486 711 528 tutrix,

243 535 295 571 Ne
320 547 379 570 nos
405 539 541 577 propter
566 536 648 570 vitia

294 587 405 619 Poena
430 586 567 619 mulctet
591 585 703 620 ultrix.

244 665 327 707 Ave,
355 665 409 706 qui
438 663 585 697 devotius

296 714 371 747 Tibi
396 714 614 746 adhaerentes

246 763 293 797 Es
321 766 491 795 consuetus
520 761 667 794 crebrius

297 812 474 845 Consolare
498 810 626 853 flentes,

248 861 325 895 Istis
348 861 382 893 in
407 859 604 894 carminibus

296 909 371 943 Tibi
398 909 606 942 concinentes

248 958 384 992 Gratiae
407 956 595 991 fluminibus

298 1009 388 1041 Lava
415 1008 575 1040 mundans
601 1009 736 1040 mentes.

248 1087 332 1127 Ave,
361 1087 427 1120 dux
453 1085 644 1128 magnificae

299 1135 566 1177 congregationis

250 1185 392 1218 Virtutis
419 1185 595 1227 angelicae

298 1234 377 1268 Istis
402 1243 497 1275 quem
520 1234 554 1266 in
581 1234 670 1267 sonis

248 1283 372 1317 Resero
398 1283 536 1325 poetice,

298 1333 345 1365 Te
369 1334 459 1375 pium
486 1333 520 1364 in
547 1331 640 1364 donis

249 1381 352 1423 Rogo,
379 1390 444 1414 non
469 1390 522 1414 me
550 1381 682 1422 despice

296 1432 335 1464 In
361 1431 443 1463 hora
469 1430 590 1472 agonis.

248 1510 322 1542 Ave
346 1509 415 1550 lux,
443 1509 627 1541 clarescere

298 1558 404 1592 Corda
432 1557 607 1591 tenebrosa

248 1607 398 1650 Faciem,
426 1616 487 1648 pro
514 1608 638 1640 scelere

297 1657 460 1699 Luxuque
483 1657 601 1701 lutosa,

248 1707 402 1748 Digneris
428 1705 565 1740 reficere

295 1757 393 1789 Meae
417 1757 558 1798 ruinosa,

247 1806 397 1840 Tandem
423 1805 478 1839 fac
503 1816 555 1839 me
578 1806 738 1839 scandere

294 1855 389 1889 Caeli
416 1851 583 1897 gaudio'sa.

249 1937 331 1977 Ave,
361 1943 460 1968 causa
484 1935 636 1978 omnium,

294 1984 430 2018 Bonitas
457 1989 489 2018 et
511 1985 580 2019 vita

248 2033 388 2076 Tibique
415 2034 616 2068 credentium

298 2085 394 2118 Salus
419 2083 556 2127 infinita,

247 2134 353 2169 Nobis
379 2134 624 2168 adversantium

299 2183 423 2217 Cohors
450 2185 494 2217 sit
521 2185 662 2217 contrita

245 2234 292 2268 Et
317 2243 376 2267 nos
403 2234 446 2267 ad
474 2235 673 2267 consortium

292 2283 459 2318 Iustorum
484 2283 598 2318 invita.

248 2365 332 2406 Ave,
359 2363 469 2398 lumen
495 2363 652 2404 prodiens

299 2414 397 2447 Patre
422 2413 464 2446 ab
491 2416 637 2458 aeterno,

246 2464 340 2506 Quod
363 2464 442 2496 licet
469 2462 653 2497 caecutiens

297 2513 377 2546 Visu
402 2512 521 2545 mentis
549 2520 658 2554 cerno,

945 239 1042 280 Ecce,
1068 246 1154 272 nunc
1179 235 1342 269 subiciens

995 288 1071 322 Tibi
1097 297 1148 320 me
1173 289 1356 327 prosterno,

946 339 995 373 Ut
1019 347 1072 370 me
1095 336 1160 369 mei
1186 336 1343 368 miserens

996 388 1191 422 Praeserves
1218 384 1258 417 ab
1284 381 1424 416 inferno.

841 468 921 503 141.
947 467 1032 503 Ave,
1058 466 1111 508 qui
1140 463 1277 506 virginei

996 515 1132 549 Ventris
1161 522 1193 546 es
1221 513 1371 545 clausura

951 564 1084 598 Cinctus
1110 572 1170 604 pro
1198 561 1323 604 viperei

998 612 1111 647 Hostis
1135 613 1329 652 impostura,

950 662 1080 695 Solutos
1107 671 1126 694 a
1153 661 1262 693 carnei

1002 710 1111 744 Vincli
1136 719 1195 743 nos
1222 710 1370 741 cinctura

953 760 1090 794 Liberes
1117 769 1136 792 a
1162 759 1275 800 Stygei

1000 810 1090 851 Ignis
1117 808 1336 842 combustura.

845 891 926 924 142.
953 889 1036 928 Ave,
1063 896 1195 930 germen
1219 885 1331 920 nobile

1001 940 1132 972 Iesseae
1158 935 1289 977 radicis,

955 987 1063 1020 Decus
1092 984 1288 1019 delectabile

1002 1035 1164 1069 Deferens
1186 1035 1221 1068 in
1247 1034 1358 1077 spicis,

952 1086 1054 1127 Fove,
1082 1093 1213 1128 quaeso,
1240 1083 1355 1116 sedule

1004 1134 1191 1168 Gratiarum
1216 1133 1310 1166 micis

956 1185 1210 1225 Praegravatum
1237 1182 1375 1216 subdole

1003 1233 1060 1267 Me
1083 1232 1124 1266 ab
1150 1232 1303 1267 inimicis,

846 1314 929 1348 143.
955 1313 1037 1355 Ave,
1066 1321 1161 1354 quem
1185 1310 1379 1352 primarium

1004 1362 1165 1402 Lapidem
1191 1360 1354 1401 propheta

956 1410 1106 1453 Scripsit,
1133 1419 1207 1443 nam
1236 1409 1437 1442 credentium

1002 1460 1117 1494 Robur
1143 1468 1177 1492 es
1204 1461 1236 1491 et
1260 1463 1358 1499 meta,

956 1509 1080 1543 Contra
1102 1509 1340 1549 adversarium,

1004 1559 1096 1601 Rogo
1122 1561 1231 1591 mente
1256 1558 1353 1597 laeta,

954 1608 1039 1643 Mihi
1066 1609 1147 1641 dans
1173 1607 1374 1648 praesidium

1005 1657 1058 1691 Sis
1084 1657 1284 1699 agonitheta.

844 1739 927 1773 144.
954 1738 1037 1779 Ave,
1066 1747 1124 1770 rex
1150 1736 1339 1778 praecipue,

1005 1788 1116 1828 Caelo,
1142 1792 1263 1828 terrae,
1289 1786 1385 1828 mari,

955 1837 1163 1878 Praesidens‚
1187 1836 1320 1869 assidue

1004 1887 1131 1928 Dignus
1159 1885 1352 1927 coliaudari‚

955 1936 1025 1970 Fac
1049 1945 1109 1969 nos
1135 1939 1169 1968 te
1193 1933 1340 1976 proficue

1005 1986 1143 2027 Semper
1169 1984 1332 2026 venerari,

957 2036 1003 2071 Ut
1029 2045 1048 2068 a
1074 2038 1106 2067 te
1131 2038 1291 2076 perpetue

1001 2084 1167 2118 Possimus
1193 2083 1296 2117 beari.

848 2166 928 2200 145.
957 2165 1039 2209 Ave,
1068 2163 1267 2197 venerabilis

1006 2214 1115 2256 Super
1140 2223 1235 2247 omne
1262 2214 1385 2247 clarum

957 2266 1067 2306 Atque
1091 2263 1275 2298 amicabilis

1007 2314 1113 2355 Super
1139 2322 1234 2346 omne
1261 2322 1372 2346 carum

958 2364 1160 2397 Venerantes
1184 2362 1289 2396 titulis

1005 2413 1154 2447 Laudutn
1181 2415 1215 2445 te
1239 2413 1378 2445 istarum

958 2463 1092 2498 Cunctis
1118 2472 1138 2495 a
1163 2462 1319 2504 periculis

1006 2514 1110 2547 Serva
1135 2513 1326 2545 animarum.

1266 2567 1307 2597 6*
