1650 2671
146 237 202 270 76.

149 478 205 512 77.

149 721 205 754 78.

152 1063 209 1097 79.

153 1405 210 1438 80.

153 1696 208 1730 81.

155 2039 212 2071 82.

158 2282 214 2317 83.

785 129 853 164 142

218 234 326 278 Salve,
354 233 453 265 arbor
479 240 496 263 0
522 228 742 270 fertilissima,

217 283 413 323 Figurarum
437 279 613 313 florescens
631 276 786 318 flosculis,

216 331 340 364 Mentis
366 337 470 372 meae,
498 335 608 371 exoro,
635 325 752 358 intima

220 379 406 412 Gratiarum
435 384 613 418 consperge
640 374 763 407 rivulis.

220 476 330 517 Salve,
357 484 440 516 quae
465 483 486 506 a
507 472 615 506 choris
634 471 790 512 angelicis

218 524 395 557 Veneraris
422 530 462 556 ac
487 522 550 555 Dei
574 519 707 562 populo,

217 573 350 614 Frange
374 580 493 613 panem
517 570 600 603 caeli
624 568 784 602 famelicis

218 622 282 655 Tui
303 621 428 655 ventris
454 620 576 661 pistum
603 617 784 652 fornaculo.

221 718 329 760 Salve,
358 727 440 759 quae
466 715 558 750 fuisti
583 716 748 760 materies,

220 767 272 801 De
296 777 360 809 qua
378 767 468 800 Deus

297 816 473 857 assumpsit
497 816 671 859 hominem,

221 865 428 899 Emundetur
454 865 539 897 servi
566 864 711 897 luxuries

222 915 338 957 Tuam,
366 915 468 957 virgo,

297 972 357 1005 per
382 962 670 1004 pulchritudinem.

225 1060 333 1103 Salve,
359 1060 555 1101 imperatrix
582 1058 775 1099 clarissima,

224 1110 323 1153 Caeli,
352 1109 435 1141 mari

296 1163 470 1199 terraeque
493 1156 695 1199 principans,

224 1209 288 1241 Per
313 1211 347 1239 te
370 1216 442 1239 mea
469 1206 592 1238 soletur
618 1206 737 1243 anima,

225 1256 327 1296 Quam
352 1254 528 1297 perturbat

297 1304 387 1338 ferus
415 1304 645 1337 exterminans,

226 1404 335 1446 Salve,
364 1402 455 1435 sidus
482 1399 610 1442 fulgore
637 1400 794 1433 caelicum

224 1452 302 1484 Plus
328 1451 477 1484 relucens

299 1509 394 1541 quam
421 1499 538 1531 stellae
563 1500 701 1537 ceterae,

222 1549 368 1581 Mentem
375 1557 490 1588 meam,
499 1555 592 1588 quam
602 1547 807 1580 Pelusiacum

225 1598 313 1631 Onus
340 1600 464 1640 gravat,
492 1597 623 1629 illustra
647 1595 773 1629 iubare.

226 1694 333 1739 Salve,
360 1698 465 1727 mater

305 1744 467 1777 caelorum
488 1743 660 1784 principis,

225 1792 389 1834 Peperisti
415 1801 509 1834 quem

297 1843 391 1882 virgo
413 1850 620 1883 permanens,

225 1890 365 1924 Carmen
391 1892 437 1923 tui
465 1892 602 1932 accepta
625 1891 787 1931 mancipis

226 1939 416 1972 Gratiarum
443 1939 576 1972 odorem
602 1939 767 1973 redolens.

228 2034 338 2076 Salve,
365 2037 468 2077 virgo,
497 2045 549 2069 cul
576 2040 644 2069 vita
672 2037 797 2069 caelibe

227 2085 267 2118 In
300 2085 418 2118 creatis
444 2094 509 2118 non
536 2088 644 2119 exstat
668 2086 792 2126 similis.

227 2133 427 2167 Favorosam
454 2136 488 2165 te
512 2134 592 2166 mihi
619 2134 736 2166 exhibe

229 2183 334 2216 Odam
359 2182 457 2214 istam
482 2191 613 2214 sumens
635 2182 796 2217 amabilis.

230 2280 337 2322 Salve,
367 2280 456 2312 cuius
483 2279 571 2312 beati
597 2280 682 2312 oculi

228 2329 335 2363 Deum
363 2328 624 2369 contemplantur

303 2377 538 2420 perenniniter‚

231 2427 347 2461 Flatus
371 2428 419 2459 tui
448 2427 609 2460 decedens
635 2426 758 2459 servuli

233 2478 412 2511 Invehatur
439 2476 536 2509 caelis
563 2475 731 2509 velociter.

851 514 909 546 85.

853 753 909 786 86.

853 993 910 1026 87.

854 1234 911 1267 88.

853 1473 911 1506 89.

858 1763 914 1796 90.

859 2097 915 2129 91.

851 228 909 261 84.
926 226 1035 267 Salve,
1065 227 1168 267 virgo,
1192 228 1283 256 terra
1307 218 1493 257 fructifera,

928 275 1021 307 Vitae
1047 275 1141 307 nobis
1168 274 1303 314 gignens
1331 268 1477 303 edulium

921 323 1113 364 Epuiarum,
1141 332 1160 355 0
1185 323 1291 355 mater
1317 323 1442 360 tenera,

923 372 1155 413 Sympolonem

997 420 1049 453 fac
1074 429 1127 452 me
1153 419 1353 453 caelestium.

924 512 1033 551 Salve,
1061 512 1163 553 virgo,
1191 512 1296 551 stirpe
1320 511 1462 551 ingenua

924 560 1090 593 Generata
1114 559 1177 593 Dei
1203 559 1348 601 oraculo,

924 609 1148 642 Honorantem
1175 611 1208 640 te
1232 611 1342 640 mente
1369 614 1489 639 cernua

924 658 1064 691 Pietatis
1090 657 1220 697 respice
1245 657 1351 690 oculo.

925 752 1033 795 Salve,
1061 752 1134 792 spei
1160 748 1338 783 fundamen
1364 750 1485 782 stabile

925 800 1145 834 Christianam
1170 798 1272 832 fidem
1297 799 1483 840 scientium,

926 849 1105 884 Consolare
1132 857 1188 881 cor
1213 857 1320 881 meum
1345 847 1469 889 flebile,

924 898 976 931 De
1001 899 1151 940 supernis
1178 898 1310 930 mittens
1327 897 1496 931 solacium.

927 992 1035 1035 Salve,
1061 992 1165 1033 virgo,
1193 991 1279 1024 hosti
1304 991 1464 1024 terribilis

925 1041 972 1074 Et
989 1043 1172 1074 castrorum
1198 1041 1305 1072 cincta
1319 1040 1498 1081 praesidio,

926 1089 984 1122 Me
1008 1098 1092 1131 prex
1116 1092 1173 1122 tua
1197 1088 1456 1129 irreprensibilis

930 1139 961 1170 A
987 1139 1146 1171 virtutum
1170 1138 1261 1170 levet
1286 1137 1468 1179 naufragio.

926 1231 1035 1272 Salve,
1064 1231 1146 1264 caeli
1173 1232 1286 1273 regina
1310 1231 1442 1275 nobilis,

928 1280 1079 1314 Genuisti
1105 1289 1187 1322 quae
1213 1280 1278 1313 Dei
1304 1280 1417 1322 filium,

926 1329 1019 1363 Finis
1046 1330 1133 1363 vitae
1159 1338 1252 1363 meae
1278 1329 1453 1370 plorabilis

926 1378 1071 1412 Tueatur
1097 1379 1140 1411 tis
1165 1388 1226 1419 per
1253 1379 1399 1412 axilium.

927 1471 1035 1512 Salve,
1047 1473 1149 1517 virgo,
1162 1470 1222 1505 flos
1231 1473 1327 1506 dulce
1334 1472 1501 1515 redolens,

929 1520 1169 1562 Spiramentum
1182 1522 1337 1555 virtutum
1347 1522 1500 1562 omnium,

930 1569 1069 1603 Gressus
1095 1580 1184 1603 meos

1004 1621 1058 1664 sis,
1085 1628 1215 1664 quaeso,
1245 1619 1391 1662 dirigens

928 1667 1106 1702 Beatorum
1133 1669 1176 1702 ad
1204 1669 1464 1703 contubernium.

930 1761 1039 1805 Salve,
1066 1763 1167 1806 virg0‚
1198 1764 1287 1796 cuius
1305 1773 1366 1805 per
1386 1765 1504 1797 merita

929 1810 1160 1845 Reformamur

1005 1860 1047 1893 ad
1074 1865 1196 1894 statum
1222 1862 1413 1903 pristinum,

931 1909 1096 1951 Superare
1118 1909 1172 1943 fac
1190 1920 1242 1943 me
1258 1911 1500 1954 phantasmata,

931 1958 1010 1998 Quis
1034 1959 1211 2000 perturbor

1003 2008 1162 2042 instinctu
1190 2009 1394 2044 daemonum.

932 2095 1039 2138 Salve,
1069 2097 1169 2130 arbor
1191 2098 1302 2138 palma
1320 2098 1503 2137 sublimior,

932 2143 1029 2177 Stans
1048 2150 1164 2179 ornata
1182 2147 1341 2179 virtutum
1353 2146 1500 2194 fioribus,

929 2193 997 2232 Me,
1008 2193 1071 2225 hae
1080 2195 1145 2227 oda
1154 2195 1210 2234 qui
1217 2198 1253 2227 te
1260 2205 1503 2243 nuncvener0r‚

931 2241 984 2274 Ab
1010 2240 1134 2275 inferni
1159 2252 1338 2283 praeserva
1363 2245 1503 2283 foribus,

864 2331 921 2365 92,
936 2330 1044 2372 Salve,
1057 2334 1164 2370 porta,
1175 2340 1237 2371 per
1247 2341 1343 2373 quam
1353 2333 1507 2369 fidelibus

932 2377 1027 2410 Salus
1047 2379 1148 2411 intrat
1163 2382 1281 2414 mentis
1298 2385 1330 2414 et
1347 2386 1507 2429 corporis,

932 2426 972 2459 ln
994 2427 1168 2467 procinctu
1184 2428 1265 2462 belli
1284 2434 1507 2473 pugnantibus

932 2476 1142 2509 Administra
1167 2478 1315 2512 solamen
1342 2481 1482 2518 roboris.
