1650 2671
210 183 266 217 56,

209 1454 264 1488 59.

210 1880 266 1913 60.

206 2306 262 2343 61.

745 83 887 119 -91

294 183 375 226 Ave,
404 180 650 215 informantium

341 231 497 266 Cordium
524 232 663 274 medela,

295 282 384 321 Quae
409 280 561 313 molestat
589 281 765 322 plurimum

342 329 458 363 Noxac
485 330 704 374 corruptelae,

293 379 420 412 Devote
446 379 650 413 laudantium

341 429 390 462 Te
416 432 484 462 esto
513 430 652 471 cautela,

296 478 346 511 Ne
370 478 597 511 insidiantium

342 527 516 561 Fallantur
541 529 659 562 sutela.

264 629 270 637 .
298 608 382 646 Ave,
409 615 504 648 quem
532 606 720 639 caelestium

348 656 477 689 Laudat
504 656 677 695 cantilena,

301 706 441 739 Sanctus
465 707 516 737 ter
543 705 753 737 clamantium

348 755 415 787 Per
442 755 523 786 caeli
549 763 694 794 amoena,

295 804 439 836 Tuorum
466 802 610 836 fidelium

340 853 479 886 Pectora
505 860 630 892 serena,

291 901 383 940 Quae
406 901 603 941 perturbant
628 900 769 933 hostium

342 950 499 991 Turpiter
526 958 659 983 venena.

262 1054 268 1061 .
295 1031 378 1069 Ave,
405 1029 479 1062 Iesu
505 1028 638 1062 seminis

341 1078 438 1112 Sator
466 1077 561 1111 verbi
586 1077 661 1121 Dei,

295 1127 414 1160 Serens
439 1130 548 1159 mente
574 1126 714 1159 hominis

341 1176 501 1210 Fructum
525 1180 636 1209 certae
660 1177 742 1217 spei,

294 1225 459 1268 cespitem
485 1225 684 1268 peccaminis

341 1274 394 1308 Ab
421 1284 499 1317 agro
527 1275 635 1308 cordis
659 1275 724 1307 mei

292 1323 409 1365 Aufer,
439 1324 525 1357 dona
548 1321 689 1357 flaminis

341 1373 522 1407 Inserendo
549 1373 589 1406 ei.

293 1454 375 1493 Ave,
403 1454 617 1485 secretarium

341 1501 453 1536 Plebis
481 1511 566 1543 aqua
591 1503 689 1544 lotae,

290 1552 322 1584 A
348 1561 413 1593 qua
437 1551 535 1593 pellis
562 1552 688 1584 varium

342 1600 467 1634 Malum
494 1603 552 1634 tua
580 1601 665 1644 dote,

290 1651 320 1683 A
348 1650 441 1683 nobis
469 1650 668 1683 contrarium

341 1700 458 1733 Facito
485 1702 620 1740 remote,

290 1749 340 1783 Ut
364 1750 474 1783 laudis
502 1749 673 1783 donarium

339 1799 532 1833 Reddamus
558 1798 684 1833 devote.

295 1878 378 1920 Ave,
406 1880 504 1919 porta
529 1879 657 1920 gratiae

341 1928 472 1960 Tenens
498 1926 758 1969 fundamentum,

293 1977 396 2010 Forte
423 1977 504 2010 dans
532 1977 689 2010 ecclesiae

346 2026 487 2060 Sanctae
513 2025 749 2070 fulcimentum,

297 2076 460 2118 Tempore
486 2077 664 2123 angustiae

343 2125 461 2160 Facito
486 2130 681 2167 proventum

290 2175 433 2209 Divinae
456 2176 625 2218 potentiae

341 2226 494 2260 Pandens
520 2227 752 2261 velamentum.

290 2307 372 2351 Ave,
403 2315 421 2339 0
447 2303 610 2348 refugium

340 2356 463 2395 Meum,
492 2356 569 2389 Iesu
596 2364 681 2400 care,

292 2406 342 2439 Tu
369 2415 475 2439 meum
502 2406 671 2447 solacium,

339 2456 451 2489 Meum
479 2456 634 2496 salutare,

915 412 970 445 62.

915 834 971 866 63.

916 1258 972 1292 64.

917 2108 974 2142 66.

998 181 1151 224 Digneris
1178 180 1382 215 mendacium

1045 232 1074 265 A
1104 240 1155 263 me
1181 229 1386 272 propulsare,

999 281 1136 315 Faciens
1163 280 1325 313 veracium

1048 330 1152 363 Dictis
1178 329 1344 361 insudare.

998 410 1083 453 Ave,
1111 418 1129 441 o
1155 408 1339 449 largissime

1048 459 1136 492 Fons
1162 456 1307 490 thesauri
1332 455 1410 498 vivi,

998 511 1065 549 Quo
1091 505 1196 540 fluunt
1219 506 1385 538 uberrime

1049 557 1206 590 Veritatis
1232 555 1305 598 rivi,

999 606 1060 640 Siti
1086 614 1219 647 pressus
1246 604 1374 637 animae

1049 655 1196 696 Supplex
1222 656 1255 686 te
1281 653 1381 688 adivi.

999 703 1095 744 Nam,
1121 706 1158 735 ut
1181 703 1256 746 scis,
1285 702 1454 734 verissime

1049 752 1181 786 Dudum
1207 754 1240 783 te
1266 751 1367 784 sitivi.

999 833 1084 873 Ave,
1114 831 1154 863 de
1180 838 1345 872 puerpera

1047 881 1136 914 Nata
1161 879 1244 913 miro
1271 887 1372 919 more,

1000 931 1089 971 Quae
1114 932 1147 961 te
1174 938 1271 962 carne
1293 930 1407 960 tenera

1048 979 1185 1012 Servato
1212 979 1339 1019 pudore

998 1029 1127 1071 Genuit,
1155 1037 1207 1060 me
1232 1027 1339 1060 libera

1047 1078 1162 1112 Hostis
1188 1087 1209 1109 a
1233 1077 1361 1116 timore,

998 1128 1081 1162 Nam
1110 1136 1161 1158 me
1186 1128 1338 1169 premunt
1368 1124 1503 1167 scelera,

1046 1177 1159 1209 Rubor
1186 1185 1258 1209 cum
1285 1182 1445 1208 maerore.

1001 1259 1084 1298 Ave,
1110 1256 1197 1296 Iesu,
1222 1254 1327 1296 gloria

1048 1307 1150 1346 Quem
1178 1309 1211 1338 et
1235 1304 1375 1345 hymnus
1404 1302 1508 1343 decet,

1000 1355 1099 1389 Cuius
1123 1354 1227 1387 honor
1252 1352 1369 1397 maria⁷

1049 1404 1192 1441 Caelum,
1220 1406 1342 1435 terram
1369 1402 1486 1442 replet,

1001 1454 1123 1486 Nostra
1147 1462 1238 1485 mens
1263 1453 1299 1485 in
1324 1451 1436 1492 patria

1047 1503 1153 1536 Laeta
1178 1506 1285 1534 tecum
1312 1503 1438 1542 pauset,

1000 1552 1116 1586 Carnis
1144 1561 1214 1584 curn
1241 1550 1381 1584 materia

1047 1602 1148 1635 Busto
1178 1602 1429 1642 computresceu

964 1708 970 1715 .
999 1683 1080 1724 Ave,
1109 1689 1204 1721 quem
1233 1688 1305 1712 cum
1332 1679 1435 1713 iubilo

1049 1730 1169 1764 Coetus
1191 1731 1365 1763 beatorum

1000 1780 1128 1813 Laudat
1157 1779 1257 1812 corde
1283 1778 1399 1812 sedulo

1047 1830 1087 1862 In
1112 1838 1214 1871 regno
1242 1829 1417 1872 caelorum,

998 1879 1055 1913 Me
1081 1879 1249 1912 turbatum
1277 1877 1389 1911 nubilo

1048 1928 1300 1961 Desideriorum

997 1978 1121 2012 Mentis
1147 1978 1181 2011 in
1208 1978 1378 2019 oppidulo,

1048 2028 1184 2070 Quaeso,
1213 2026 1267 2061 fac
1295 2028 1460 2063 decorum,

1001 2108 1084 2149 Ave,
1111 2108 1322 2141 luminarium

1051 2157 1204 2190 Rutilans
1234 2158 1275 2190 cle
1302 2157 1413 2198 caelis,

1002 2207 1120 2241 Coetus
1149 2216 1244 2248 quem
1270 2206 1474 2240 credentium

1050 2257 1234 2290 veneratur
1259 2256 1364 2299 melis,

998 2306 1122 2340 Mentis
1149 2307 1362 2339 secretarium

1048 2356 1158 2398 Meae,
1188 2365 1320 2398 quaeso,
1347 2355 1430 2389 velis

1002 2406 1167 2440 Gravibus
1194 2405 1234 2439 ab
1263 2406 1406 2438 hostium

1047 2455 1209 2488 Liberare
1234 2455 1320 2490 telis,
