1650 2671
706 104 972 140 —104—

196 203 227 235 7.
242 202 325 244 Ave,
351 203 402 234 leo
429 202 542 243 stirpis
568 202 759 242 Davidicae,

242 250 441 291 Prophetiae
467 252 595 283 solvens
622 252 799 291 signacula,

243 298 294 331 Ne
321 301 355 332 in
381 300 554 340 pravitatis
580 300 765 333 haereticae

244 348 378 388 Cadam,
397 357 449 379 me
471 357 636 389 conserva,
651 349 808 388 pericula.

195 422 226 455 8.
240 422 323 464 Ave,
352 421 481 453 calcans
504 422 649 454 torcular
666 420 807 463 fortiter,

241 470 293 502 Ex
319 478 381 511 quo
408 467 511 502 fluunt

318 519 476 550 iustorum
494 520 673 559 praemina,

240 567 289 599 Te
316 576 354 599 ex
382 567 481 600 corde
506 571 584 608 peto
608 568 786 608 humiliter,

244 615 296 647 Ne
319 616 484 648 incurram
502 617 611 658 Stygis
634 617 806 657 supplicia.

194 690 225 722 9.
241 690 322 732 Ave,
341 686 428 726 Iesu,
449 698 543 729 quem
562 689 809 731 amphisaepere

240 738 325 770 Tota
340 737 454 770 mundi
466 747 530 770 non
544 743 653 779 potest
669 736 806 779 fabrica,

240 786 330 819 Tuae
357 787 461 818 crucis
487 788 579 819 solve
606 788 797 821 charaeta-e

241 835 415 876 Adligatos
441 838 558 868 catena
581 836 717 869 hostica.

176 907 231 941 10.
247 910 329 946 Ave,
355 917 416 949 per
435 917 529 949 quem
546 909 649 942 hostis
668 909 809 941 insidiae

240 956 457 990 Declinantur
478 967 498 990 a
520 958 584 990 tuis
612 958 746 998 cautius,

239 1005 348 1047 Virus,
374 1014 503 1045 precor,
532 1005 626 1039 aufer
649 1007 795 1040 invidiae

241 1053 435 1095 Serpentino
461 1063 584 1087 veneno
610 1054 736 1088 noxius.

168 1127 323 1168 11.Ave,
349 1128 435 1168 Iesu,
462 1136 523 1166 per
548 1128 632 1160 bona
660 1137 761 1169 opera

243 1176 362 1210 Salvan
368 1176 479 1207 dorum
490 1175 598 1209 ditans
605 1177 804 1218 pauperiem,

238 1225 316 1258 Mea
336 1233 420 1258 vane
439 1229 630 1268 consumpta
647 1228 807 1270 tempora,

237 1273 300 1315 Da,
307 1273 490 1315 perbonam
498 1274 597 1307 vitam
606 1283 805 1315 recuperem.

172 1343 228 1376 12.
244 1342 326 1383 Ave,
354 1342 409 1383 qui
434 1343 552 1375 venisti
579 1353 599 1375 a
624 1344 763 1384 superis,

241 1392 382 1431 Aperite
408 1399 579 1424 caecorum
604 1392 726 1433 oculos,

245 1439 435 1472 Volutantes
460 1448 519 1472 nos
544 1440 577 1472 in
595 1441 647 1472 his
664 1441 809 1473 tenebris

240 1488 416 1520 Declinare
441 1486 497 1520 fac
523 1492 617 1521 caute
642 1489 808 1523 subdolos.

168 1557 223 1590 13.
240 1557 321 1598 Ave,
348 1555 521 1589 florulente
546 1557 730 1598 sanguineis

243 1605 363 1647 Gutus,
390 1614 538 1646 pugnans

318 1664 378 1695 pro
405 1653 499 1686 nobis
525 1658 668 1695 strenue,

242 1703 299 1736 Me
326 1702 459 1735 venenis
480 1703 616 1735 tinctum
644 1703 785 1744 vipereis

241 1752 418 1784 Miseratus
445 1756 633 1792 precantem
660 1752 767 1785 ablue.

174 1820 232 1854 14.
248 1821 330 1861 Ave,
358 1813 444 1861 Iesu,
472 1821 562 1853 cuius
588 1821 773 1861 benignitas

247 1869 355 1901 Vitam
380 1870 505 1901 mavult

313 1928 409 1959 quam
442 1921 580 1952 mortem
606 1918 710 1960 impii,

243 1968 372 2000 Poenas
397 1967 492 1999 nobis
517 1968 631 2000 relaxa
658 1967 796 2011 debitas,

243 2015 364 2048 Locum
382 2016 543 2055 praebens
555 2016 680 2049 aeterni
688 2017 809 2057 gaudii.

175 2084 231 2118 15.
246 2085 329 2124 Ave,
358 2084 447 2116 cuius
472 2093 532 2116 nos
559 2084 740 2117 fructuaria

248 2132 332 2166 Caro
356 2133 444 2165 ducit
463 2134 505 2165 ad
524 2135 624 2166 vitam
644 2133 810 2176 caelibem,

213 2203 216 2206 -
241 2183 411 2216 Potestate
435 2190 476 2213 ne
504 2182 696 2216 adversaria

239 2231 483 2272 opprimamur,
497 2230 548 2264 fer
557 2241 654 2273 opem
664 2233 812 2268 celerem.

172 2301 227 2335 16.
247 2301 329 2345 Ave,
354 2301 440 2339 Iesu,
469 2301 523 2341 qui
547 2301 612 2342 piis
638 2301 772 2334 auribus

243 2350 350 2383 Audis
366 2352 422 2381 tuo
440 2349 627 2391 redemptos
644 2351 810 2392 sanguine,

240 2399 308 2442 Me,
320 2399 373 2440 qui
381 2407 513 2439 premor
521 2399 561 2431 ab
571 2398 810 2441 adfligentibus,

242 2449 312 2482 Tuo
339 2451 491 2491 protegas
518 2448 773 2482 obumbramine.

870 205 926 238 17.
945 204 1028 245 Ave,
1049 205 1134 246 Iesu,
1155 213 1215 246 per
1232 201 1514 236 mansuetudinem

943 253 1030 285 Tuos
1058 254 1198 286 clemens

1018 303 1206 335 auscultans
1229 300 1409 342 supplices,

942 350 1061 383 Preme
1086 354 1175 384 tuam
1201 359 1262 393 per
1284 347 1514 382 fortitudinem

940 399 1111 432 Inimicum
1140 403 1173 432 et
1200 399 1268 432 eius
1296 397 1482 438 complices.

871 478 927 512 18.
943 478 1027 520 Ave,
1055 479 1145 510 cuius
1170 477 1268 511 radix
1295 475 1449 509 fontanea

942 526 1041 558 Iustis
1054 530 1205 567 praestat
1218 524 1344 558 fructus
1356 524 1512 563 iustitiae,

942 574 1080 607 Carnem
1097 578 1220 608 textam
1237 582 1394 614 compage
1406 576 1516 604 terrea

941 623 1048 655 Menti
1073 624 1179 657 subde
1195 632 1256 665 per
1275 623 1360 655 dona
1377 622 1514 663 gratiae.

871 701 1023 744 19.Ave,
1053 703 1143 735 cuius
1172 701 1280 735 carnis
1304 700 1454 732 litamine

942 750 1006 783 Est
1031 752 1163 791 placata
1189 759 1315 783 summa
1342 749 1513 788 divinitas,

942 799 1040 832 Solve
1066 809 1125 832 nos
1151 810 1172 833 a
1198 798 1316 832 mentis
1347 798 1514 839 ligamine,

942 848 1010 888 Quo
1030 858 1088 881 nos
1107 849 1210 882 vinxit
1225 847 1329 880 hostis
1344 847 1512 879 atrocitas.

869 927 1026 967 20.Ave,
1055 927 1145 958 cuius
1172 925 1307 966 sanguis
1335 925 1518 964 tern'genas

942 974 1061 1016 Iungat
1085 975 1193 1008 choris
1216 974 1366 1007 caelestis
1395 974 1513 1016 curiae,

941 1023 993 1055 Da
1011 1024 1180 1059 vincentes
1194 1024 1305 1056 hostes
1321 1023 1517 1064 multigenas

942 1071 1143 1104 Laureamur
1170 1081 1291 1106 corona
1316 1071 1451 1112 gloriae.

870 1151 1025 1193 21.Ave,
1053 1151 1108 1191 qui
1132 1151 1165 1182 in
1196 1150 1305 1183 crucis
1335 1150 1485 1192 patibulo

944 1199 1135 1240 pependisti
1160 1199 1304 1233 nudatus
1330 1200 1490 1242 vestibus,

943 1247 1185 1281 Obumbramen
1214 1248 1256 1280 da
1282 1251 1338 1280 tuo
1362 1249 1504 1291 servulo,

942 1297 1004 1337 Qui
1020 1296 1173 1329 turbatur
1191 1307 1211 1330 a
1228 1298 1513 1339 persequentibus.

872 1375 1027 1418 22.Ave,
1055 1376 1139 1420 Iesu,
1167 1376 1287 1409 mentis
1313 1377 1468 1418 indiguae

947 1423 1053 1468 Salus,
1081 1434 1175 1457 amor
1202 1427 1235 1458 et
1261 1426 1451 1467 consolatio,

941 1472 1011 1505 Nos
1024 1473 1058 1505 in
1070 1474 1177 1507 locum
1186 1475 1350 1516 perducas
1359 1484 1513 1518 pascuae,

942 1521 1120 1555 Beatorum
1147 1532 1209 1565 quo
1237 1526 1287 1555 est
1312 1523 1462 1557 refectio.

871 1597 927 1629 23.
943 1596 1026 1637 Ave,
1052 1595 1138 1632 Iesu.
1164 1598 1218 1638 qui
1245 1596 1335 1629 Deus
1364 1598 1508 1631 Sabaoth

942 1644 981 1676 In
995 1644 1168 1684 prophetis
1182 1644 1373 1686 frequenter
1383 1647 1514 1691 diceris,

944 1692 997 1724 Ab
1012 1693 1180 1727 immundo
1198 1693 1517 1738 defendeBeemoth,

944 1740 1013 1773 Nos
1026 1750 1068 1773 ne
1077 1741 1190 1775 foedet
1200 1745 1354 1783 squalore
1363 1745 1515 1780 Veneris.

871 1816 928 1848 24.
943 1815 1026 1855 Axe,
1055 1816 1109 1857 qui
1135 1825 1197 1857 pro
1223 1817 1312 1849 vitae
1336 1820 1498 1853 tutamine

943 1863 990 1896 Es
1015 1864 1049 1896 in
1078 1874 1178 1906 regna
1203 1867 1289 1898 latus
1317 1866 1494 1913 Canopica,

944 1911 1150 1946 Delictorum
1177 1919 1319 1947 mentem
1343 1919 1505 1952 atramine

942 1960 1155 1995 obfuscatam
1180 1964 1335 1997 sollerter
1359 1966 1479 2002 albica.

873 2037 930 2069 25.
945 2035 1029 2071 Ave
1056 2037 1111 2077 qui
1139 2038 1290 2071 vitiorum
1318 2040 1492 2076 delubrum

943 2083 1132 2117 Dissolvisti
1159 2096 1220 2127 per
1245 2097 1354 2122 rorem
1378 2092 1516 2134 gratiae,

943 2133 1139 2166 Tortuosum
1150 2136 1192 2168 da
1198 2145 1326 2168 vmcam
1334 2139 1514 2185 colubrum,

944 2181 1005 2222 Qui
1013 2190 1066 2214 me
1077 2183 1226 2217 strinixit
1235 2186 1340 2218 cauda
1348 2187 1515 2225 lasciviae.

873 2256 931 2288 26.
946 2254 1029 2296 Ave,
1060 2256 1152 2288 cuius
1175 2259 1380 2298 praeclaram
1398 2261 1518 2298 faciem

949 2302 1061 2336 Sancti
1073 2307 1307 2346 concupiscunt
1314 2313 1515 2358 prospicere,

945 2352 1042 2393 Meis,
1071 2362 1201 2397 quaeso

1020 2402 1213 2444 propinquis
1239 2407 1382 2447 requiem

947 2451 1092 2495 Praesta,
1109 2452 1166 2492 qui
1174 2456 1328 2496 teguntur
1341 2458 1374 2491 in
1389 2458 1515 2495 funere.
