1650 2671
704 145 968 181 -180—

175 243 232 277 13.
247 243 329 285 Ave,
355 244 476 286 lignum
506 243 703 285 dulcifluum,

242 292 398 326 Fructum
425 292 533 326 ferens
558 297 766 336 perpetuum,

239 340 378 374 Fontem
405 351 531 384 quoque
555 343 723 383 irriguum,

240 390 343 424 Melle
369 395 402 424 et
425 393 511 425 lacte
535 390 707 433 profluum.

173 484 228 517 14.
243 485 325 521 Ave,
353 491 410 515 vas
435 480 498 514 Dei
527 480 653 522 gratiae

240 531 412 572 Materque
436 529 627 571 sapientiae,

240 580 330 614 Onus
356 578 449 612 aufer
474 578 629 611 tristitiae

241 629 381 662 Sanctae
404 628 519 661 matris
546 627 711 662 ecclesiae.

171 718 227 752 15.
240 718 324 761 Ave,
350 718 451 759 stirps
478 717 698 760 castimoniae,

239 767 380 800 Florans
405 765 518 799 florem
542 765 697 810 iustitiae,

244 816 301 849 Me
326 816 487 856 pollutum
513 815 685 856 aspergine

242 865 344 899 Labis
370 865 492 897 munda
516 864 714 905 peccamine.

168 956 224 989 16.
239 954 320 998 Ave,
349 963 367 986 o
393 953 589 986 venerabilis

239 1003 365 1035 Mundo
392 1006 424 1034 et
449 1002 571 1034 sanctis
597 1002 730 1044 angelis,

238 1052 263 1084 O
289 1055 368 1083 natu
395 1051 634 1092 exspectabilis,

236 1101 292 1133 Ad
317 1100 436 1132 bonum
461 1099 516 1131 fac
540 1100 600 1131 sim
626 1099 756 1131 habilis.

166 1187 321 1230 17.Ave,
347 1190 452 1220 mater
477 1186 647 1225 mirabilis,

240 1236 337 1269 Cuius
364 1240 414 1268 est
436 1235 670 1276 inscrutabilis,

233 1285 354 1318 Partus
378 1289 411 1317 et
434 1284 609 1316 ineffabilis

236 1334 357 1367 Tamen
383 1333 644 1375 superamabiIiS.

867 244 1020 287 18.Ave,
1046 246 1149 290 virgo,
1177 257 1241 288 qua
1265 246 1374 279 media

939 294 1061 326 Mentis
1088 294 1173 337 fugit
1195 296 1316 340 inedia,

941 342 1030 375 Pelle
1055 345 1219 378 mundana
1244 346 1354 378 taedia

938 391 1029 424 Dans
1054 394 1179 434 gratiae
1201 396 1357 428 remedia.

868 480 922 514 19.
939 482 1021 522 Ave,
1050 483 1211 515 caelorum
1235 484 1344 527 ianua,

940 529 1004 562 Per
1029 539 1125 572 quam
1150 532 1227 564 iusti
1254 533 1297 565 ad
1323 542 1444 573 pascua

939 576 1142 612 Inducuntur
1166 584 1327 621 perpetua

939 628 1031 660 Mala
1055 631 1169 661 nostra
1195 638 1326 663 evacua.

867 717 922 749 20.
938 719 1017 757 Ave,
1044 726 1159 749 norma
1185 717 1351 750 humilium

938 764 1066 807 Deique
1089 766 1299 809 domicilium,

938 815 1043 847 Tuum
1070 815 1223 847 dilectum
1247 815 1352 849 filium

937 863 990 896 Da
1014 864 1116 904 lapsis
1141 865 1175 896 in
1201 865 1369 899 auxilium.

867 952 1019 992 21.Ave,
1047 952 1136 985 salus
1163 962 1245 994 quae
1269 954 1426 986 mentium

936 1000 984 1033 Es
1011 1010 1071 1041 pro
1098 1002 1201 1042 culpis
1230 1001 1418 1043 dolentium,

936 1049 994 1081 Me
1017 1049 1051 1082 in
1078 1053 1200 1082 terram
1228 1051 1406 1083 viventium

936 1097 1010 1130 Duc
1035 1108 1183 1139 pressum
1209 1099 1242 1131 vi
1266 1101 1462 1134 nocentium.

861 1187 917 1220 22.
933 1188 1015 1225 Ave,
1042 1186 1198 1219 Abrahae
1223 1186 1302 1230 filia,

932 1235 1051 1267 Mundi
1076 1245 1235 1278 spernens
1260 1236 1405 1279 mobilia,

933 1284 992 1317 Me
1017 1289 1199 1317 currentem
1226 1295 1287 1326 per
1314 1286 1409 1319 devia

935 1333 1009 1366 Duc
1032 1334 1076 1366 ad
1101 1334 1204 1375 prolis
1227 1335 1335 1368 ovilia.

245 1421 316 1449 Cod.
332 1420 363 1449 S.
385 1421 465 1448 Petri
487 1420 692 1458 Salisburgen.
715 1421 738 1449 Ο
758 1421 791 1449 11
811 1418 829 1449 3
859 1429 937 1449 saec.
960 1418 1005 1449 15.
1027 1421 1077 1449 fol.
1101 1418 1157 1449 153
1178 1430 1205 1449 a..
1225 1421 1261 1449 A.
1283 1436 1323 1441 —-
1344 1422 1427 1451 Orat.
1450 1432 1506 1452 ms.

160 1460 344 1498 Tegurinum
370 1461 441 1487 anni
465 1458 548 1487 1467.
591 1460 665 1487 Clm.
691 1460 849 1488 Monacen.
877 1458 977 1488 19991
1003 1460 1055 1488 fol.
1088 1458 1145 1488 250
1172 1469 1198 1489 a.
1218 1461 1254 1489 B.
1280 1476 1321 1480 —
1341 1462 1424 1490 Orat.
1449 1471 1505 1490 ms.

160 1500 342 1537 Tegur‘mum
372 1507 449 1527 saec.
479 1497 524 1527 15.
559 1499 632 1527 Clm.
653 1499 810 1527 Monacen.
832 1497 944 1527 20005.
971 1500 1022 1527 fol.
1045 1497 1082 1528 60
1103 1509 1130 1527 a.
1158 1500 1189 1528 C.
1212 1516 1248 1520 —
1271 1501 1352 1529 Orat.
1373 1510 1428 1530 ms.
1449 1503 1506 1530 Te-

161 1540 299 1576 gurinurn
321 1540 395 1566 anni
418 1536 501 1566 1470.
536 1538 610 1566 Clm.
632 1539 787 1567 Monacen.
810 1536 848 1566 20
856 1536 922 1566 021.
942 1539 994 1566 fol.
1016 1536 1073 1567 253
1095 1547 1121 1566 a.
1144 1540 1181 1567 D.

239 1578 266 1605 A
294 1577 348 1605 hat
372 1577 421 1605 die
440 1577 669 1615 Bemerkungen
696 1578 747 1606 fol.
776 1575 831 1606 153
859 1586 893 1606 a:
933 1578 1047 1615 Incipit
1072 1579 1258 1615 prooemium
1289 1588 1379 1616 super
1398 1580 1505 1608 titulos

162 1618 390 1654 praeconiorum
405 1617 512 1644 beatae
525 1618 654 1654 virginis
668 1618 801 1653 Mariae3
822 1617 873 1645 fol.
887 1615 944 1645 154
958 1625 989 1645 a:
1010 1617 1167 1654 Incipiunt
1178 1618 1261 1646 tituli
1276 1620 1505 1655 praeconiorum

162 1657 268 1684 beatae
289 1657 405 1684 Mariae
426 1657 483 1684 Dei
502 1657 666 1693 genitricis,
688 1656 822 1684 distincti
842 1659 873 1685 in
896 1659 956 1684 tres
978 1658 1214 1694 quinquagenas.

239 1695 374 1723 Prooem.
399 1693 430 1723 11
453 1695 524 1723 vela
543 1695 611 1723 freti
625 1695 660 1723 A.
682 1710 720 1715 —-
742 1693 778 1724 13
799 1696 841 1724 Et
859 1696 942 1724 fruar
955 1697 990 1723 A.
1030 1696 1073 1724 Es
1090 1696 1167 1733 folgt
1182 1696 1274 1725 noch:
1297 1697 1363 1731 Quo
1385 1700 1415 1725 te
1436 1706 1504 1725 eum

162 1735 240 1763 divis
268 1743 385 1771 semper
410 1736 529 1762 intuear
550 1736 701 1772 personis,
731 1744 792 1763 was
818 1735 959 1763 verderbt
984 1735 1054 1763 oder
1073 1735 1192 1763 Zusatz.
1212 1751 1253 1755 —
1279 1734 1325 1771 22,
1347 1736 1367 1764 4
1388 1736 1504 1771 Quibus

160 1774 313 1810 pelluntur
326 1776 361 1802 A.
376 1789 413 1793 ——
428 1771 474 1809 32,
486 1772 506 1801 4
520 1775 553 1801 in
566 1774 730 1810 hospitium
744 1775 779 1802 A.
794 1790 834 1794 —
853 1771 899 1808 39,
912 1772 930 1801 2
944 1774 1054 1802 tollens
1069 1776 1105 1802 A.
1122 1791 1146 1795 -
1172 1773 1220 1809 45,
1232 1773 1250 1804 3
1265 1775 1312 1803 Ad
1325 1776 1401 1803 fonti
1417 1777 1452 1803 A.
1466 1792 1506 1796 —

160 1812 207 1847 70,
222 1811 240 1840 2
261 1822 315 1850 per
334 1813 410 1841 fehlt
428 1813 464 1841 A.
491 1828 530 1832 —
557 1812 603 1848 70,
617 1813 637 1841 4
661 1814 694 1841 in
721 1813 840 1842 mundo.
869 1828 907 1832 —
935 1811 982 1850 74,
999 1813 1015 1842 1
1037 1823 1115 1850 quae
1134 1813 1210 1842 fehlt
1230 1815 1266 1843 A.
1287 1831 1325 1835 —
1352 1813 1400 1849 79,
1415 1813 1433 1844 3
1452 1816 1505 1844 Me

160 1861 317 1889 praeerum
331 1854 366 1880 A.
387 1867 427 1872 —
446 1850 493 1884 85,
509 1850 527 1880 2
547 1854 710 1881 succrescit
728 1853 848 1891 virgula
868 1853 902 1881 A.
930 1868 954 1871 —
986 1851 1049 1888 101,
1064 1851 1084 1881 4
1104 1863 1172 1882 cum
1193 1854 1270 1882 fehlt
1282 1854 1317 1882 A.
1339 1871 1377 1874 —
1398 1853 1463 1890 105,
1487 1853 1506 1883 2

162 1895 244 1920 ortus
271 1892 347 1920 fehlt
372 1893 407 1920 A.
437 1907 476 1911 —
508 1890 571 1924 121,
594 1889 613 1920 2
640 1892 748 1921 Omens
777 1901 896 1929 quoque
923 1893 958 1920 A.
984 1908 1022 1912 —
1051 1890 1116 1929 121,
1139 1890 1156 1921 3
1185 1893 1412 1922 monarsilicum
1436 1895 1507 1930 AB3

160 1932 393 1959 monarsiculum
410 1931 441 1960 C.
455 1947 493 1951 —
516 1929 580 1966 128,
593 1929 611 1959 2
631 1932 756 1960 Florens
776 1934 806 1960 et
817 1932 853 1960 B.
867 1947 905 1951 —
928 1929 993 1967 128,
1009 1929 1027 1960 3
1041 1933 1074 1960 in
1088 1932 1186 1961 stadio
1202 1933 1278 1961 fehlt
1290 1934 1325 1961 A.
1347 1948 1385 1952 ——
1410 1931 1475 1968 128,
1488 1933 1509 1962 4

160 1970 236 1998 fehlt
254 1971 289 1999 A.
312 1986 347 1990 —
371 1968 434 2006 132,
447 1969 465 1998 2
485 1971 630 2009 Unguens
653 1972 690 1999 A.
