1650 2671
236 237 289 270 ib.

234 657 288 690 16.

234 1077 289 1109 17.

231 1495 287 1530 18.

236 1917 292 1950 19.

748 135 1013 171 -198-

319 238 398 277 Ave,
425 238 541 277 mater,
568 234 720 276 gaudium

365 285 456 325 Quae
480 287 560 316 tune
584 283 753 316 contulisti

317 334 454 374 Mundo,
481 332 610 374 quando
636 331 739 365 filium

366 382 466 423 Virgo
493 381 661 423 peperisti,

319 431 431 465 Hostis
458 429 551 463 aufer
576 430 746 471 proelium,

368 480 465 519 Quem
494 482 570 511 tunc
596 479 755 517 deiecisti,

318 531 521 563 conservans
546 528 581 560 in
606 532 771 568 posterum

365 577 421 611 Me
446 587 465 609 a
492 586 569 609 casu
595 577 692 612 tristi.

316 656 398 698 Ave,
427 664 521 696 quam
548 653 731 688 fecunditas

371 704 473 738 Ornat
498 703 699 744 maternalis,

319 753 394 786 Tibi
420 755 527 785 tamen
554 753 681 794 puritas

368 802 481 836 Manet
506 802 685 843 virginalis,

319 852 474 893 Protegat
498 851 681 892 benignitas

367 900 438 933 Tua
463 909 521 932 nos
548 910 567 933 a
589 900 694 941 malis,

320 950 405 989 Quos
431 948 552 989 premit
577 948 731 989 iniquitas

370 997 494 1038 Culpae
520 997 709 1031 criminalis

316 1076 398 1116 Ave,
427 1074 482 1107 fax
507 1084 525 1107 o
553 1075 676 1107 caelica

365 1123 547 1164 Mundique
572 1124 714 1165 lucerna,

318 1172 450 1206 Siccans
477 1173 509 1204 vi
536 1171 652 1205 deifica

370 1221 458 1254 Vitia
482 1221 622 1262 interna,

319 1272 344 1305 Ο
370 1270 641 1304 Bethlehemitica

368 1318 502 1352 Gratiae
528 1319 680 1362 cisterna,

319 1368 379 1407 Da,
407 1376 448 1399 ne
473 1368 505 1400 vi
532 1368 686 1401 Satanica

362 1416 490 1450 Trahar
517 1416 560 1449 ad
585 1415 724 1452 inferna.

316 1497 396 1535 Ave,
423 1495 600 1527 testimonii

361 1545 450 1577 Arca
476 1544 662 1585 singularis,

313 1595 401 1634 Quae
427 1592 611 1633 splendoris
638 1593 728 1625 nimi1

363 1643 453 1674 Auro
482 1642 657 1685 decoraris,

316 1691 369 1724 Da
392 1700 521 1723 manum
547 1690 697 1733 subsidii,

366 1739 424 1773 Pia
450 1739 547 1772 stella
571 1740 681 1783 maris,

318 1788 510 1822 Constrictis
535 1788 678 1821 incendii

366 1837 467 1871 Venis
493 1838 527 1869 in
553 1837 683 1870 amaris.

316 1917 398 1955 Ave,
425 1916 482 1948 lux
508 1925 590 1957 quae
615 1916 766 1949 tenebras

365 1965 481 1998 Mundi
508 1965 684 2007 detersisti,

317 2016 381 2048 Per
405 2014 532 2056 regales
557 2015 661 2047 lineas

367 2063 447 2098 Orta
471 2072 542 2096 cum
569 2062 671 2107 fuisti,

317 2112 530 2146 consolamen
555 2113 716 2153 praebeas

364 2160 470 2194 Menti
496 2170 588 2194 meae
613 2162 710 2202 tristi,

318 2210 530 2252 Impetrando
556 2211 679 2252 gratias

367 2258 453 2292 Mihi
479 2258 553 2291 Iesu
578 2260 712 2295 Christi.

234 2347 240 2354 ·
283 2364 290 2372 .
319 2338 402 2379 Ave,
428 2337 517 2369 cuius
542 2337 661 2370 nobilis

366 2386 565 2427 Genealogia

319 2435 450 2477 Scripta
474 2435 608 2469 laudum
635 2436 738 2469 titulis

365 2484 427 2520 Est
452 2485 486 2518 in
511 2485 608 2530 Isaia,

931 460 988 493 21.

931 882 988 916 22.

932 1719 988 1756 24.

936 2147 993 2179 25.

1014 233 1132 266 Serves
1158 242 1178 265 a
1204 233 1359 275 periculis

1065 283 1195 327 Omnes,
1222 292 1241 315 o
1265 282 1386 322 Maria,

1017 331 1076 372 Qui
1103 335 1136 364 te
1161 332 1212 364 1115
1236 331 1377 364 1115111115

1063 380 1218 414 Laudant
1242 384 1350 413 mente
1375 380 1441 422 pia.

1015 459 1098 502 Ave,
1127 468 1210 500 quae
1234 459 1380 500 tripudio

1064 508 1209 541 Maximo
1235 508 1412 549 gaudebas,

1016 557 1211 598 Resurgenti
1237 556 1304 589 filio

1066 606 1202 646 Quando
1228 605 1415 649 assistebas,

1017 655 1096 688 Plus
1122 664 1196 687 nam
1223 654 1347 687 cunetis
1373 654 1469 686 anxio

1067 703 1175 737 Corde
1202 706 1279 736 tunc
1306 703 1452 745 dolebas,

1016 752 1104 786 Mori
1130 753 1217 785 hunc
1237 752 1400 794 supplicio

1066 802 1179 835 Crucis
1206 811 1278 834 cum
1304 801 1470 836 cernebas.

1016 881 1099 920 Ave,
1128 881 1183 913 lux
1209 878 1341 912 luciflua

1066 931 1196 970 Fugam,
1221 929 1369 961 umbram
1397 928 1511 961 mortis

1013 979 1223 1020 Abigensque
1247 987 1352 1011 nocua

1063 1027 1184 1059 Mulier
1209 1030 1246 1059 ut
1269 1026 1375 1068 fortis,

1014 1074 1178 1108 Virtutem
1206 1084 1327 1108 evacua

1066 1124 1207 1166 Stygeae
1233 1124 1387 1164 cohortis,

1017 1173 1119 1206 Prece
1144 1182 1202 1205 nos
1228 1174 1362 1206 assidua

1065 1222 1182 1255 Redde
1209 1223 1291 1255 caeli
1312 1223 1428 1263 portis.

984 1327 989 1333 .
1018 1304 1100 1343 Ave,
1127 1304 1232 1334 mater
1257 1301 1377 1333 millies

1068 1350 1146 1382 Cum
1173 1352 1249 1382 nato
1275 1350 1410 1390 Messia,

1017 1400 1077 1438 Qui
1103 1403 1288 1431 sanctorum
1317 1399 1464 1446 requies¹

1061 1448 1125 1480 Est
1147 1447 1240 1481 finita
1266 1448 1329 1492 via,

1014 1496 1111 1529 Hunc
1137 1497 1216 1529 mihi
1242 1497 1413 1540 propities,

1066 1545 1214 1578 Clemens
1241 1556 1258 1578 o
1284 1546 1403 1585 Maria,

1014 1595 1154 1627 Laesum
1180 1594 1345 1638 infinities,

1065 1644 1223 1676 Peccator
1248 1653 1317 1676 sum
1345 1644 1430 1685 quia.

1016 1725 1098 1764 Ave,
1125 1723 1193 1756 lux.
1221 1732 1284 1764 qua
1312 1723 1452 1756 caecitas

1064 1771 1212 1813 Fugatur
1240 1773 1408 1813 culparum

1017 1820 1185 1862 Simulque
1210 1821 1392 1854 obscuritas

1066 1870 1357 1915 Conscientiarum‚

1017 1920 1218 1954 Relevamen
1243 1920 1404 1961 praebeas

1067 1969 1185 2002 Poenis
1212 1970 1402 2010 animarum,

1018 2019 1166 2052 Naturae
1191 2028 1252 2060 per
1277 2020 1380 2052 lineas

1066 2067 1152 2100 Mihi
1178 2069 1433 2102 coniunctamm.

1020 2146 1103 2188 Ave,
1131 2145 1214 2191 fons,
1243 2148 1298 2188 qui
1320 2148 1416 2181 arida

1067 2196 1169 2237 Rigas
1195 2197 1377 2229 animarum

1018 2244 1203 2286 Abluisque
1227 2246 1364 2278 sordida

1067 2294 1139 2326 Lue
1161 2294 1326 2336 vitiorum,

1019 2342 1162 2375 Tuorum
1187 2352 1275 2375 nunc
1301 2345 1443 2379 candida

1068 2391 1198 2424 Mentes
1226 2392 1445 2441 laudatorum,

1022 2439 1196 2481 Squalidas
1221 2441 1367 2484 insipida

1068 2490 1231 2531 Qualitate
1256 2502 1391 2528 morum.
