<?xml version="1.0" encoding="UTF-8"?>
<!DOCTYPE html PUBLIC "-//W3C//DTD XHTML 1.0 Transitional//EN"
    "http://www.w3.org/TR/xhtml1/DTD/xhtml1-transitional.dtd">
<html xmlns="http://www.w3.org/1999/xhtml" xml:lang="en" lang="en">
 <head>
  <title>
</title>
<meta http-equiv="Content-Type" content="text/html;charset=utf-8" />
  <meta name='ocr-system' content='tesseract 3.04.00' />
  <meta name='ocr-capabilities' content='ocr_page ocr_carea ocr_par ocr_line ocrx_word'/>
</head>
<body>
  <div class='ocr_page' id='page_1' title='image "./analectahymnica38drevuoft_00076.png"; bbox 0 0 1650 2671; ppageno 0'>
   <div class='ocr_carea' id='block_1_1' title="bbox 758 118 1000 154">
    <p class='ocr_par' dir='ltr' id='par_1_1' title="bbox 758 118 1000 154">
     <span class='ocr_line' id='line_1_1' title="bbox 758 118 1000 154; baseline 0.017 -11"><span class='ocrx_word' id='word_1_1' title='bbox 758 118 1000 154; x_wconf 73' lang='lat'><strong>-73—</strong></span> 
     </span>
    </p>
   </div>
   <div class='ocr_carea' id='block_1_2' title="bbox 227 216 661 258">
    <p class='ocr_par' dir='ltr' id='par_1_2' title="bbox 227 216 661 258">
     <span class='ocr_line' id='line_1_2' title="bbox 227 216 661 258; baseline 0 -8"><span class='ocrx_word' id='word_1_2' title='bbox 227 218 287 252; x_wconf 81' lang='lat'>25.</span> <span class='ocrx_word' id='word_1_3' title='bbox 315 216 396 258; x_wconf 92' lang='lat' dir='ltr'>Ave,</span> <span class='ocrx_word' id='word_1_4' title='bbox 427 217 481 258; x_wconf 86' lang='lat' dir='ltr'>qui</span> <span class='ocrx_word' id='word_1_5' title='bbox 514 216 661 258; x_wconf 83' lang='lat' dir='ltr'>virginea</span> 
     </span>
    </p>
   </div>
   <div class='ocr_carea' id='block_1_3' title="bbox 223 641 282 674">
    <p class='ocr_par' dir='ltr' id='par_1_3' title="bbox 223 641 282 674">
     <span class='ocr_line' id='line_1_3' title="bbox 223 641 282 674; baseline 0.034 -2"><span class='ocrx_word' id='word_1_6' title='bbox 223 641 282 674; x_wconf 81' lang='lat'>26.</span> 
     </span>
    </p>
   </div>
   <div class='ocr_carea' id='block_1_4' title="bbox 225 1062 281 1095">
    <p class='ocr_par' dir='ltr' id='par_1_4' title="bbox 225 1062 281 1095">
     <span class='ocr_line' id='line_1_4' title="bbox 225 1062 281 1095; baseline 0.018 -1"><span class='ocrx_word' id='word_1_7' title='bbox 225 1062 281 1095; x_wconf 79' lang='lat'>27.</span> 
     </span>
    </p>
   </div>
   <div class='ocr_carea' id='block_1_5' title="bbox 223 1484 281 1518">
    <p class='ocr_par' dir='ltr' id='par_1_5' title="bbox 223 1484 281 1518">
     <span class='ocr_line' id='line_1_5' title="bbox 223 1484 281 1518; baseline 0.034 -2"><span class='ocrx_word' id='word_1_8' title='bbox 223 1484 281 1518; x_wconf 80' lang='lat'>28.</span> 
     </span>
    </p>
   </div>
   <div class='ocr_carea' id='block_1_6' title="bbox 220 1910 277 1943">
    <p class='ocr_par' dir='ltr' id='par_1_6' title="bbox 220 1910 277 1943">
     <span class='ocr_line' id='line_1_6' title="bbox 220 1910 277 1943; baseline 0.018 -1"><span class='ocrx_word' id='word_1_9' title='bbox 220 1910 277 1943; x_wconf 86' lang='lat'>29.</span> 
     </span>
    </p>
   </div>
   <div class='ocr_carea' id='block_1_7' title="bbox 221 2337 277 2370">
    <p class='ocr_par' dir='ltr' id='par_1_7' title="bbox 221 2337 277 2370">
     <span class='ocr_line' id='line_1_7' title="bbox 221 2337 277 2370; baseline 0 0"><span class='ocrx_word' id='word_1_10' title='bbox 221 2337 277 2370; x_wconf 88' lang='grc'>30.</span> 
     </span>
    </p>
   </div>
   <div class='ocr_carea' id='block_1_8' title="bbox 305 264 747 596">
    <p class='ocr_par' dir='ltr' id='par_1_8' title="bbox 305 264 747 596">
     <span class='ocr_line' id='line_1_8' title="bbox 356 264 658 306; baseline 0.007 -10"><span class='ocrx_word' id='word_1_11' title='bbox 356 264 492 298; x_wconf 80' lang='lat' dir='ltr'>Viscera</span> <span class='ocrx_word' id='word_1_12' title='bbox 517 265 658 306; x_wconf 85' lang='lat' dir='ltr'>intrasti,</span> 
     </span>
     <span class='ocr_line' id='line_1_9' title="bbox 308 314 642 356; baseline 0.006 -10"><span class='ocrx_word' id='word_1_13' title='bbox 308 316 396 354; x_wconf 65' lang='lat' dir='ltr'>Quae</span> <span class='ocrx_word' id='word_1_14' title='bbox 422 323 441 347; x_wconf 88' lang='lat' dir='ltr'>a</span> <span class='ocrx_word' id='word_1_15' title='bbox 468 314 642 356; x_wconf 88' lang='lat' dir='ltr'>cupidinea</span> 
     </span>
     <span class='ocr_line' id='line_1_10' title="bbox 355 363 702 408; baseline 0.006 -13"><span class='ocrx_word' id='word_1_16' title='bbox 355 363 463 396; x_wconf 85' lang='lat' dir='ltr'>Faece</span> <span class='ocrx_word' id='word_1_17' title='bbox 490 365 702 408; x_wconf 82' lang='lat' dir='ltr'>conservasti,</span> 
     </span>
     <span class='ocr_line' id='line_1_11' title="bbox 305 412 747 453; baseline -0.002 -7"><span class='ocrx_word' id='word_1_18' title='bbox 305 412 484 453; x_wconf 79' lang='lat' dir='ltr'>Tamquam</span> <span class='ocrx_word' id='word_1_19' title='bbox 509 412 567 446; x_wconf 80' lang='lat' dir='ltr'>lux</span> <span class='ocrx_word' id='word_1_20' title='bbox 594 414 747 447; x_wconf 87' lang='lat' dir='ltr'>aetherea</span> 
     </span>
     <span class='ocr_line' id='line_1_12' title="bbox 356 462 629 505; baseline 0.004 -11"><span class='ocrx_word' id='word_1_21' title='bbox 356 462 420 495; x_wconf 86' lang='lat' dir='ltr'>llla</span> <span class='ocrx_word' id='word_1_22' title='bbox 443 463 629 505; x_wconf 82' lang='lat' dir='ltr'>illustrasti,</span> 
     </span>
     <span class='ocr_line' id='line_1_13' title="bbox 306 510 682 553; baseline 0 -8"><span class='ocrx_word' id='word_1_23' title='bbox 306 510 398 545; x_wconf 87' lang='lat' dir='ltr'>Mole</span> <span class='ocrx_word' id='word_1_24' title='bbox 425 520 495 544; x_wconf 91' lang='lat' dir='ltr'>cum</span> <span class='ocrx_word' id='word_1_25' title='bbox 524 521 682 553; x_wconf 85' lang='lat' dir='ltr'>corporea</span> 
     </span>
     <span class='ocr_line' id='line_1_14' title="bbox 355 560 675 596; baseline 0.006 -3"><span class='ocrx_word' id='word_1_26' title='bbox 355 560 448 594; x_wconf 84' lang='lat' dir='ltr'>Haec</span> <span class='ocrx_word' id='word_1_27' title='bbox 473 560 675 596; x_wconf 81' lang='lat' dir='ltr'>inhabitasti.</span> 
     </span>
    </p>
   </div>
   <div class='ocr_carea' id='block_1_9' title="bbox 307 639 771 1025">
    <p class='ocr_par' dir='ltr' id='par_1_9' title="bbox 308 639 686 733">
     <span class='ocr_line' id='line_1_15' title="bbox 308 639 670 680; baseline -0.003 -7"><span class='ocrx_word' id='word_1_28' title='bbox 308 639 392 680; x_wconf 83' lang='lat' dir='ltr'>Ave,</span> <span class='ocrx_word' id='word_1_29' title='bbox 419 640 495 672; x_wconf 90' lang='lat' dir='ltr'>Iesu</span> <span class='ocrx_word' id='word_1_30' title='bbox 520 640 670 672; x_wconf 91' lang='lat' dir='ltr'>normula</span> 
     </span>
     <span class='ocr_line' id='line_1_16' title="bbox 356 688 686 733; baseline -0.003 -11"><span class='ocrx_word' id='word_1_31' title='bbox 356 688 453 722; x_wconf 85' lang='lat' dir='ltr'>Vitae</span> <span class='ocrx_word' id='word_1_32' title='bbox 479 688 686 733; x_wconf 79' lang='lat' dir='ltr'>christianae,</span> 
     </span>
    </p>

    <p class='ocr_par' dir='ltr' id='par_1_10' title="bbox 307 737 771 827">
     <span class='ocr_line' id='line_1_17' title="bbox 307 737 645 779; baseline -0.006 -8"><span class='ocrx_word' id='word_1_33' title='bbox 307 737 399 771; x_wconf 89' lang='lat' dir='ltr'>Tuae</span> <span class='ocrx_word' id='word_1_34' title='bbox 423 738 505 779; x_wconf 85' lang='lat' dir='ltr'>legis</span> <span class='ocrx_word' id='word_1_35' title='bbox 533 738 645 779; x_wconf 82' lang='lat' dir='ltr'>regula</span> 
     </span>
     <span class='ocr_line' id='line_1_18' title="bbox 359 786 771 827; baseline 0 -9"><span class='ocrx_word' id='word_1_36' title='bbox 359 786 515 819; x_wconf 85' lang='lat' dir='ltr'>Nostram</span> <span class='ocrx_word' id='word_1_37' title='bbox 541 786 589 818; x_wconf 89' lang='lat' dir='ltr'>sic</span> <span class='ocrx_word' id='word_1_38' title='bbox 615 794 771 827; x_wconf 88' lang='lat' dir='ltr'>compone</span> 
     </span>
    </p>

    <p class='ocr_par' dir='ltr' id='par_1_11' title="bbox 309 835 686 918">
     <span class='ocr_line' id='line_1_19' title="bbox 309 835 686 876; baseline 0 -8"><span class='ocrx_word' id='word_1_39' title='bbox 309 835 428 876; x_wconf 83' lang='lat' dir='ltr'>Vitam,</span> <span class='ocrx_word' id='word_1_40' title='bbox 455 838 492 867; x_wconf 90' lang='lat' dir='ltr'>ut</span> <span class='ocrx_word' id='word_1_41' title='bbox 516 837 551 866; x_wconf 89' lang='lat' dir='ltr'>te</span> <span class='ocrx_word' id='word_1_42' title='bbox 571 836 686 868; x_wconf 85' lang='lat' dir='ltr'>sedula</span> 
     </span>
     <span class='ocr_line' id='line_1_20' title="bbox 357 883 683 918; baseline 0.003 -2"><span class='ocrx_word' id='word_1_43' title='bbox 357 883 506 918; x_wconf 83' lang='lat' dir='ltr'>Laudem</span> <span class='ocrx_word' id='word_1_44' title='bbox 534 884 683 917; x_wconf 86' lang='lat' dir='ltr'>cantione</span> 
     </span>
    </p>

    <p class='ocr_par' dir='ltr' id='par_1_12' title="bbox 307 932 753 1025">
     <span class='ocr_line' id='line_1_21' title="bbox 307 932 753 974; baseline 0 -8"><span class='ocrx_word' id='word_1_45' title='bbox 307 932 373 967; x_wconf 85' lang='lat' dir='ltr'>Hic</span> <span class='ocrx_word' id='word_1_46' title='bbox 399 936 432 966; x_wconf 87' lang='lat' dir='ltr'>et</span> <span class='ocrx_word' id='word_1_47' title='bbox 457 935 531 974; x_wconf 87' lang='lat' dir='ltr'>post</span> <span class='ocrx_word' id='word_1_48' title='bbox 557 942 617 974; x_wconf 83' lang='lat' dir='ltr'>per</span> <span class='ocrx_word' id='word_1_49' title='bbox 643 933 753 966; x_wconf 81' lang='lat' dir='ltr'>secula</span> 
     </span>
     <span class='ocr_line' id='line_1_22' title="bbox 359 982 620 1025; baseline 0.004 -9"><span class='ocrx_word' id='word_1_50' title='bbox 359 982 450 1016; x_wconf 88' lang='lat' dir='ltr'>Caeli</span> <span class='ocrx_word' id='word_1_51' title='bbox 477 982 620 1025; x_wconf 82' lang='lat' dir='ltr'>regione.</span> 
     </span>
    </p>
   </div>
   <div class='ocr_carea' id='block_1_10' title="bbox 308 1060 756 1446">
    <p class='ocr_par' dir='ltr' id='par_1_13' title="bbox 308 1060 756 1446">
     <span class='ocr_line' id='line_1_23' title="bbox 308 1060 747 1103; baseline -0.005 -8"><span class='ocrx_word' id='word_1_52' title='bbox 308 1060 392 1101; x_wconf 86' lang='lat' dir='ltr'>Ave,</span> <span class='ocrx_word' id='word_1_53' title='bbox 418 1070 497 1103; x_wconf 82' lang='lat' dir='ltr'>pax,</span> <span class='ocrx_word' id='word_1_54' title='bbox 525 1061 747 1102; x_wconf 78' lang='lat' dir='ltr'>tranquillitas</span> 
     </span>
     <span class='ocr_line' id='line_1_24' title="bbox 355 1109 713 1155; baseline 0 -12"><span class='ocrx_word' id='word_1_55' title='bbox 355 1109 489 1143; x_wconf 89' lang='lat' dir='ltr'>Homini</span> <span class='ocrx_word' id='word_1_56' title='bbox 517 1119 580 1151; x_wconf 83' lang='lat' dir='ltr'>qua</span> <span class='ocrx_word' id='word_1_57' title='bbox 608 1111 713 1155; x_wconf 88' lang='lat' dir='ltr'>datur,</span> 
     </span>
     <span class='ocr_line' id='line_1_25' title="bbox 312 1158 678 1200; baseline -0.005 -7"><span class='ocrx_word' id='word_1_58' title='bbox 312 1158 493 1200; x_wconf 89' lang='lat' dir='ltr'>Cordisque</span> <span class='ocrx_word' id='word_1_59' title='bbox 518 1159 678 1192; x_wconf 82' lang='lat' dir='ltr'>serenitas</span> 
     </span>
     <span class='ocr_line' id='line_1_26' title="bbox 358 1208 756 1250; baseline 0 -10"><span class='ocrx_word' id='word_1_60' title='bbox 358 1208 424 1241; x_wconf 91' lang='lat' dir='ltr'>Per</span> <span class='ocrx_word' id='word_1_61' title='bbox 450 1217 545 1249; x_wconf 88' lang='lat' dir='ltr'>quam</span> <span class='ocrx_word' id='word_1_62' title='bbox 572 1211 756 1250; x_wconf 84' lang='lat' dir='ltr'>reparatur,</span> 
     </span>
     <span class='ocr_line' id='line_1_27' title="bbox 308 1256 719 1297; baseline -0.002 -6"><span class='ocrx_word' id='word_1_63' title='bbox 308 1256 419 1291; x_wconf 88' lang='lat' dir='ltr'>Meum</span> <span class='ocrx_word' id='word_1_64' title='bbox 445 1266 498 1289; x_wconf 90' lang='lat' dir='ltr'>res</span> <span class='ocrx_word' id='word_1_65' title='bbox 524 1265 586 1297; x_wconf 86' lang='lat' dir='ltr'>per</span> <span class='ocrx_word' id='word_1_66' title='bbox 612 1258 719 1290; x_wconf 88' lang='lat' dir='ltr'>varias</span> 
     </span>
     <span class='ocr_line' id='line_1_28' title="bbox 361 1306 717 1349; baseline 0.003 -11"><span class='ocrx_word' id='word_1_67' title='bbox 361 1306 541 1339; x_wconf 86' lang='lat' dir='ltr'>Plurimum</span> <span class='ocrx_word' id='word_1_68' title='bbox 568 1309 717 1349; x_wconf 80' lang='lat' dir='ltr'>vagatur,</span> 
     </span>
     <span class='ocr_line' id='line_1_29' title="bbox 312 1355 745 1399; baseline -0.002 -10"><span class='ocrx_word' id='word_1_69' title='bbox 312 1355 437 1399; x_wconf 84' lang='lat' dir='ltr'>Reduc,</span> <span class='ocrx_word' id='word_1_70' title='bbox 465 1365 507 1388; x_wconf 88' lang='lat' dir='ltr'>ne</span> <span class='ocrx_word' id='word_1_71' title='bbox 531 1355 563 1386; x_wconf 91' lang='lat' dir='ltr'>in</span> <span class='ocrx_word' id='word_1_72' title='bbox 592 1356 745 1388; x_wconf 83' lang='lat' dir='ltr'>tenebras</span> 
     </span>
     <span class='ocr_line' id='line_1_30' title="bbox 355 1403 679 1446; baseline 0.006 -9"><span class='ocrx_word' id='word_1_73' title='bbox 355 1403 435 1437; x_wconf 86' lang='lat' dir='ltr'>Laci</span> <span class='ocrx_word' id='word_1_74' title='bbox 460 1405 679 1446; x_wconf 85' lang='lat' dir='ltr'>demergatur.</span> 
     </span>
    </p>
   </div>
   <div class='ocr_carea' id='block_1_11' title="bbox 305 1483 737 1863">
    <p class='ocr_par' dir='ltr' id='par_1_14' title="bbox 305 1483 737 1863">
     <span class='ocr_line' id='line_1_31' title="bbox 307 1483 673 1527; baseline 0 -12"><span class='ocrx_word' id='word_1_75' title='bbox 307 1484 389 1527; x_wconf 88' lang='lat' dir='ltr'>Ave,</span> <span class='ocrx_word' id='word_1_76' title='bbox 419 1483 509 1516; x_wconf 88' lang='lat' dir='ltr'>cuius</span> <span class='ocrx_word' id='word_1_77' title='bbox 535 1483 673 1524; x_wconf 85' lang='lat' dir='ltr'>gloriam</span> 
     </span>
     <span class='ocr_line' id='line_1_32' title="bbox 359 1532 716 1573; baseline 0.003 -9"><span class='ocrx_word' id='word_1_78' title='bbox 359 1533 469 1573; x_wconf 83' lang='lat' dir='ltr'>Atque</span> <span class='ocrx_word' id='word_1_79' title='bbox 494 1536 528 1565; x_wconf 88' lang='lat' dir='ltr'>te</span> <span class='ocrx_word' id='word_1_80' title='bbox 554 1532 716 1573; x_wconf 82' lang='lat' dir='ltr'>gignentis</span> 
     </span>
     <span class='ocr_line' id='line_1_33' title="bbox 309 1581 673 1622; baseline -0.003 -6"><span class='ocrx_word' id='word_1_81' title='bbox 309 1581 398 1616; x_wconf 80' lang='lat' dir='ltr'>Cano</span> <span class='ocrx_word' id='word_1_82' title='bbox 425 1591 486 1622; x_wconf 87' lang='lat' dir='ltr'>per</span> <span class='ocrx_word' id='word_1_83' title='bbox 511 1581 673 1615; x_wconf 84' lang='lat' dir='ltr'>laetitiam</span> 
     </span>
     <span class='ocr_line' id='line_1_34' title="bbox 355 1630 675 1672; baseline 0.003 -9"><span class='ocrx_word' id='word_1_84' title='bbox 355 1630 520 1664; x_wconf 89' lang='lat' dir='ltr'>Iubilosae</span> <span class='ocrx_word' id='word_1_85' title='bbox 545 1631 675 1672; x_wconf 85' lang='lat' dir='ltr'>mentis,</span> 
     </span>
     <span class='ocr_line' id='line_1_35' title="bbox 305 1680 671 1720; baseline -0.005 -6"><span class='ocrx_word' id='word_1_86' title='bbox 305 1681 401 1714; x_wconf 90' lang='lat' dir='ltr'>Dona</span> <span class='ocrx_word' id='word_1_87' title='bbox 427 1680 507 1713; x_wconf 88' lang='lat' dir='ltr'>mihi</span> <span class='ocrx_word' id='word_1_88' title='bbox 533 1680 671 1720; x_wconf 84' lang='lat' dir='ltr'>gratiam</span> 
     </span>
     <span class='ocr_line' id='line_1_36' title="bbox 357 1729 697 1772; baseline 0.003 -10"><span class='ocrx_word' id='word_1_89' title='bbox 357 1730 388 1762; x_wconf 75' lang='lat' dir='ltr'>A</span> <span class='ocrx_word' id='word_1_90' title='bbox 414 1733 448 1762; x_wconf 86' lang='lat' dir='ltr'>te</span> <span class='ocrx_word' id='word_1_91' title='bbox 472 1729 697 1772; x_wconf 66' lang='lat' dir='ltr'>procedentis,</span> 
     </span>
     <span class='ocr_line' id='line_1_37' title="bbox 307 1778 737 1812; baseline 0.002 -1"><span class='ocrx_word' id='word_1_92' title='bbox 307 1778 500 1812; x_wconf 83' lang='lat' dir='ltr'>Torrentem</span> <span class='ocrx_word' id='word_1_93' title='bbox 528 1788 570 1811; x_wconf 91' lang='lat' dir='ltr'>ne</span> <span class='ocrx_word' id='word_1_94' title='bbox 594 1780 737 1812; x_wconf 83' lang='lat' dir='ltr'>incidam</span> 
     </span>
     <span class='ocr_line' id='line_1_38' title="bbox 355 1828 650 1863; baseline 0.01 -3"><span class='ocrx_word' id='word_1_95' title='bbox 355 1828 444 1861; x_wconf 85' lang='lat' dir='ltr'>Picis</span> <span class='ocrx_word' id='word_1_96' title='bbox 471 1828 650 1863; x_wconf 81' lang='lat' dir='ltr'>bullientis,</span> 
     </span>
    </p>
   </div>
   <div class='ocr_carea' id='block_1_12' title="bbox 303 1908 755 2289">
    <p class='ocr_par' dir='ltr' id='par_1_15' title="bbox 305 1908 693 1991">
     <span class='ocr_line' id='line_1_39' title="bbox 305 1908 675 1948; baseline 0 -7"><span class='ocrx_word' id='word_1_97' title='bbox 305 1909 388 1947; x_wconf 86' lang='lat' dir='ltr'>Ave,</span> <span class='ocrx_word' id='word_1_98' title='bbox 416 1908 470 1948; x_wconf 89' lang='lat' dir='ltr'>qui</span> <span class='ocrx_word' id='word_1_99' title='bbox 494 1909 675 1941; x_wconf 87' lang='lat' dir='ltr'>maerentia</span> 
     </span>
     <span class='ocr_line' id='line_1_40' title="bbox 357 1956 693 1991; baseline 0.003 -1"><span class='ocrx_word' id='word_1_100' title='bbox 357 1956 466 1990; x_wconf 86' lang='lat' dir='ltr'>Corda</span> <span class='ocrx_word' id='word_1_101' title='bbox 493 1956 574 1990; x_wconf 87' lang='lat' dir='ltr'>caeli</span> <span class='ocrx_word' id='word_1_102' title='bbox 602 1957 693 1991; x_wconf 89' lang='lat' dir='ltr'>bonis</span> 
     </span>
    </p>

    <p class='ocr_par' dir='ltr' id='par_1_16' title="bbox 305 2006 647 2099">
     <span class='ocr_line' id='line_1_41' title="bbox 305 2006 647 2047; baseline -0.006 -6"><span class='ocrx_word' id='word_1_103' title='bbox 305 2006 429 2047; x_wconf 83' lang='lat' dir='ltr'>Reples</span> <span class='ocrx_word' id='word_1_104' title='bbox 457 2016 496 2039; x_wconf 78' lang='lat' dir='ltr'>ac</span> <span class='ocrx_word' id='word_1_105' title='bbox 521 2006 647 2040; x_wconf 86' lang='lat' dir='ltr'>laetitia</span> 
     </span>
     <span class='ocr_line' id='line_1_42' title="bbox 356 2056 607 2099; baseline -0.008 -9"><span class='ocrx_word' id='word_1_106' title='bbox 356 2056 607 2099; x_wconf 79' lang='lat' dir='ltr'>Consolationis,</span> 
     </span>
    </p>

    <p class='ocr_par' dir='ltr' id='par_1_17' title="bbox 307 2105 659 2197">
     <span class='ocr_line' id='line_1_43' title="bbox 307 2105 659 2147; baseline 0 -8"><span class='ocrx_word' id='word_1_107' title='bbox 307 2105 397 2139; x_wconf 86' lang='lat' dir='ltr'>Tuae</span> <span class='ocrx_word' id='word_1_108' title='bbox 424 2115 484 2147; x_wconf 86' lang='lat' dir='ltr'>per</span> <span class='ocrx_word' id='word_1_109' title='bbox 510 2106 659 2140; x_wconf 85' lang='lat' dir='ltr'>victricia</span> 
     </span>
     <span class='ocr_line' id='line_1_44' title="bbox 356 2155 644 2197; baseline -0.003 -8"><span class='ocrx_word' id='word_1_110' title='bbox 356 2155 456 2197; x_wconf 85' lang='lat' dir='ltr'>Signa</span> <span class='ocrx_word' id='word_1_111' title='bbox 481 2156 644 2197; x_wconf 85' lang='lat' dir='ltr'>passionis</span> 
     </span>
    </p>

    <p class='ocr_par' dir='ltr' id='par_1_18' title="bbox 303 2205 755 2289">
     <span class='ocr_line' id='line_1_45' title="bbox 303 2205 621 2248; baseline -0.003 -9"><span class='ocrx_word' id='word_1_112' title='bbox 303 2205 381 2239; x_wconf 87' lang='lat' dir='ltr'>Mea</span> <span class='ocrx_word' id='word_1_113' title='bbox 407 2215 513 2248; x_wconf 86' lang='lat' dir='ltr'>purga</span> <span class='ocrx_word' id='word_1_114' title='bbox 538 2205 621 2238; x_wconf 90' lang='lat' dir='ltr'>vitia</span> 
     </span>
     <span class='ocr_line' id='line_1_46' title="bbox 356 2254 755 2289; baseline -0.003 0"><span class='ocrx_word' id='word_1_115' title='bbox 356 2254 436 2289; x_wconf 89' lang='lat' dir='ltr'>Cum</span> <span class='ocrx_word' id='word_1_116' title='bbox 465 2256 621 2289; x_wconf 86' lang='lat' dir='ltr'>virtutum</span> <span class='ocrx_word' id='word_1_117' title='bbox 652 2255 755 2289; x_wconf 86' lang='lat' dir='ltr'>doniS.</span> 
     </span>
    </p>
   </div>
   <div class='ocr_carea' id='block_1_13' title="bbox 303 2334 729 2528">
    <p class='ocr_par' dir='ltr' id='par_1_19' title="bbox 308 2334 729 2426">
     <span class='ocr_line' id='line_1_47' title="bbox 308 2334 657 2376; baseline -0.003 -7"><span class='ocrx_word' id='word_1_118' title='bbox 308 2337 390 2376; x_wconf 86' lang='lat' dir='ltr'>Ave,</span> <span class='ocrx_word' id='word_1_119' title='bbox 419 2335 475 2376; x_wconf 87' lang='lat' dir='ltr'>qui</span> <span class='ocrx_word' id='word_1_120' title='bbox 500 2334 657 2368; x_wconf 90' lang='lat' dir='ltr'>nobiliter</span> 
     </span>
     <span class='ocr_line' id='line_1_48' title="bbox 355 2385 729 2426; baseline 0 -8"><span class='ocrx_word' id='word_1_121' title='bbox 355 2385 529 2418; x_wconf 84' lang='lat' dir='ltr'>Hominem</span> <span class='ocrx_word' id='word_1_122' title='bbox 556 2385 729 2426; x_wconf 83' lang='lat' dir='ltr'>plasmasti</span> 
     </span>
    </p>

    <p class='ocr_par' dir='ltr' id='par_1_20' title="bbox 303 2434 684 2528">
     <span class='ocr_line' id='line_1_49' title="bbox 303 2434 684 2468; baseline -0.003 0"><span class='ocrx_word' id='word_1_123' title='bbox 303 2435 350 2468; x_wconf 83' lang='lat' dir='ltr'>Et</span> <span class='ocrx_word' id='word_1_124' title='bbox 374 2435 462 2468; x_wconf 84' lang='lat' dir='ltr'>hunc</span> <span class='ocrx_word' id='word_1_125' title='bbox 487 2434 684 2468; x_wconf 87' lang='lat' dir='ltr'>mirabiliter</span> 
     </span>
     <span class='ocr_line' id='line_1_50' title="bbox 351 2484 661 2528; baseline 0 -11"><span class='ocrx_word' id='word_1_126' title='bbox 351 2484 453 2517; x_wconf 86' lang='lat' dir='ltr'>Bonis</span> <span class='ocrx_word' id='word_1_127' title='bbox 479 2485 661 2528; x_wconf 80' lang='lat' dir='ltr'>adornasti,</span> 
     </span>
    </p>
   </div>
   <div class='ocr_carea' id='block_1_14' title="bbox 927 461 945 477">
    <p class='ocr_par' dir='ltr' id='par_1_21' title="bbox 927 461 945 477">
     <span class='ocr_line' id='line_1_51' title="bbox 927 461 945 477; baseline 0 0"><span class='ocrx_word' id='word_1_128' title='bbox 927 461 945 477; x_wconf 61' lang='grc' dir='ltr'>ι)</span> 
     </span>
    </p>
   </div>
   <div class='ocr_carea' id='block_1_15' title="bbox 926 867 985 898">
    <p class='ocr_par' dir='ltr' id='par_1_22' title="bbox 926 867 985 898">
     <span class='ocr_line' id='line_1_52' title="bbox 926 867 985 898; baseline 0.017 -1"><span class='ocrx_word' id='word_1_129' title='bbox 926 867 985 898; x_wconf 57' lang='lat'>0¹2.</span> 
     </span>
    </p>
   </div>
   <div class='ocr_carea' id='block_1_16' title="bbox 929 1288 985 1321">
    <p class='ocr_par' dir='ltr' id='par_1_23' title="bbox 929 1288 985 1321">
     <span class='ocr_line' id='line_1_53' title="bbox 929 1288 985 1321; baseline 0 0"><span class='ocrx_word' id='word_1_130' title='bbox 929 1288 985 1321; x_wconf 74' lang='lat'>233.</span> 
     </span>
    </p>
   </div>
   <div class='ocr_carea' id='block_1_17' title="bbox 927 1712 983 1746">
    <p class='ocr_par' dir='ltr' id='par_1_24' title="bbox 927 1712 983 1746">
     <span class='ocr_line' id='line_1_54' title="bbox 927 1712 983 1746; baseline 0 -1"><span class='ocrx_word' id='word_1_131' title='bbox 927 1712 983 1746; x_wconf 78' lang='lat'>34.</span> 
     </span>
    </p>
   </div>
   <div class='ocr_carea' id='block_1_18' title="bbox 928 2139 946 2171">
    <p class='ocr_par' dir='ltr' id='par_1_25' title="bbox 928 2139 946 2171">
     <span class='ocr_line' id='line_1_55' title="bbox 928 2139 946 2171; textangle 90"><span class='ocrx_word' id='word_1_132' title='bbox 928 2139 946 2171; x_wconf 69' lang='lat'>&lt;22</span> 
     </span>
    </p>
   </div>
   <div class='ocr_carea' id='block_1_19' title="bbox 927 445 984 478">
    <p class='ocr_par' dir='ltr' id='par_1_26' title="bbox 927 445 984 478">
     <span class='ocr_line' id='line_1_56' title="bbox 927 445 984 478; baseline -0.018 0"><span class='ocrx_word' id='word_1_133' title='bbox 927 445 984 478; x_wconf 71' lang='lat'>⁰1.</span> 
     </span>
    </p>
   </div>
   <div class='ocr_carea' id='block_1_20' title="bbox 953 2139 970 2171">
    <p class='ocr_par' dir='ltr' id='par_1_27' title="bbox 953 2139 970 2171">
     <span class='ocr_line' id='line_1_57' title="bbox 953 2139 970 2171; textangle 90"><span class='ocrx_word' id='word_1_134' title='bbox 953 2139 970 2171; x_wconf 63' lang='lat'>&amp;1</span> 
     </span>
    </p>
   </div>
   <div class='ocr_carea' id='block_1_21' title="bbox 1012 217 1410 409">
    <p class='ocr_par' dir='ltr' id='par_1_28' title="bbox 1012 217 1374 310">
     <span class='ocr_line' id='line_1_58' title="bbox 1012 217 1361 252; baseline -0.006 -1"><span class='ocrx_word' id='word_1_135' title='bbox 1012 218 1077 252; x_wconf 85' lang='lat' dir='ltr'>Sed</span> <span class='ocrx_word' id='word_1_136' title='bbox 1104 217 1361 251; x_wconf 83' lang='lat' dir='ltr'>misericorditer</span> 
     </span>
     <span class='ocr_line' id='line_1_59' title="bbox 1057 265 1374 310; baseline -0.009 -9"><span class='ocrx_word' id='word_1_137' title='bbox 1057 268 1154 301; x_wconf 89' lang='lat' dir='ltr'>Illum</span> <span class='ocrx_word' id='word_1_138' title='bbox 1179 265 1374 310; x_wconf 82' lang='lat' dir='ltr'>reformasti,</span> 
     </span>
    </p>

    <p class='ocr_par' dir='ltr' id='par_1_29' title="bbox 1012 314 1410 409">
     <span class='ocr_line' id='line_1_60' title="bbox 1012 314 1354 350; baseline -0.009 0"><span class='ocrx_word' id='word_1_139' title='bbox 1012 318 1051 350; x_wconf 88' lang='lat' dir='ltr'>In</span> <span class='ocrx_word' id='word_1_140' title='bbox 1079 325 1175 350; x_wconf 90' lang='lat' dir='ltr'>cruce</span> <span class='ocrx_word' id='word_1_141' title='bbox 1200 314 1354 348; x_wconf 84' lang='lat' dir='ltr'>flebiliter</span> 
     </span>
     <span class='ocr_line' id='line_1_61' title="bbox 1062 365 1410 409; baseline -0.006 -10"><span class='ocrx_word' id='word_1_142' title='bbox 1062 367 1197 407; x_wconf 67' lang='lat' dir='ltr'>Quando</span> <span class='ocrx_word' id='word_1_143' title='bbox 1226 365 1410 409; x_wconf 81' lang='lat' dir='ltr'>exspirasti.</span> 
     </span>
    </p>
   </div>
   <div class='ocr_carea' id='block_1_22' title="bbox 1010 443 1416 827">
    <p class='ocr_par' dir='ltr' id='par_1_30' title="bbox 1010 443 1416 827">
     <span class='ocr_line' id='line_1_62' title="bbox 1013 443 1394 485; baseline -0.005 -8"><span class='ocrx_word' id='word_1_144' title='bbox 1013 446 1097 485; x_wconf 80' lang='lat' dir='ltr'>Ave,</span> <span class='ocrx_word' id='word_1_145' title='bbox 1125 445 1179 485; x_wconf 90' lang='lat' dir='ltr'>qui</span> <span class='ocrx_word' id='word_1_146' title='bbox 1208 453 1264 477; x_wconf 90' lang='lat' dir='ltr'>nos</span> <span class='ocrx_word' id='word_1_147' title='bbox 1291 443 1394 476; x_wconf 90' lang='lat' dir='ltr'>nobili</span> 
     </span>
     <span class='ocr_line' id='line_1_63' title="bbox 1060 492 1413 529; baseline -0.011 -1"><span class='ocrx_word' id='word_1_148' title='bbox 1060 492 1251 529; x_wconf 85' lang='lat' dir='ltr'>Sermonum</span> <span class='ocrx_word' id='word_1_149' title='bbox 1277 492 1413 526; x_wconf 85' lang='lat' dir='ltr'>suadela</span> 
     </span>
     <span class='ocr_line' id='line_1_64' title="bbox 1010 541 1378 576; baseline -0.008 0"><span class='ocrx_word' id='word_1_150' title='bbox 1010 542 1128 576; x_wconf 83' lang='lat' dir='ltr'>Trahis</span> <span class='ocrx_word' id='word_1_151' title='bbox 1153 554 1174 575; x_wconf 76' lang='lat' dir='ltr'>a,</span> <span class='ocrx_word' id='word_1_152' title='bbox 1200 541 1378 575; x_wconf 85' lang='lat' dir='ltr'>damnabili</span> 
     </span>
     <span class='ocr_line' id='line_1_65' title="bbox 1061 591 1397 632; baseline -0.006 -7"><span class='ocrx_word' id='word_1_153' title='bbox 1061 592 1227 625; x_wconf 88' lang='lat' dir='ltr'>Scelerum</span> <span class='ocrx_word' id='word_1_154' title='bbox 1254 591 1397 632; x_wconf 86' lang='lat' dir='ltr'>sequela,</span> 
     </span>
     <span class='ocr_line' id='line_1_66' title="bbox 1011 640 1370 683; baseline -0.006 -10"><span class='ocrx_word' id='word_1_155' title='bbox 1011 640 1115 673; x_wconf 86' lang='lat' dir='ltr'>Prece</span> <span class='ocrx_word' id='word_1_156' title='bbox 1143 649 1219 681; x_wconf 80' lang='lat' dir='ltr'>rogo</span> <span class='ocrx_word' id='word_1_157' title='bbox 1247 640 1370 683; x_wconf 86' lang='lat' dir='ltr'>humili,</span> 
     </span>
     <span class='ocr_line' id='line_1_67' title="bbox 1059 689 1340 732; baseline -0.007 -9"><span class='ocrx_word' id='word_1_158' title='bbox 1059 689 1190 723; x_wconf 84' lang='lat' dir='ltr'>Delicta</span> <span class='ocrx_word' id='word_1_159' title='bbox 1214 689 1340 732; x_wconf 67' lang='lat' dir='ltr'>obvelat,</span> 
     </span>
     <span class='ocr_line' id='line_1_68' title="bbox 1011 738 1340 779; baseline -0.006 -8"><span class='ocrx_word' id='word_1_160' title='bbox 1011 739 1132 779; x_wconf 72' lang='lat' dir='ltr'>Quibus</span> <span class='ocrx_word' id='word_1_161' title='bbox 1159 738 1340 771; x_wconf 84' lang='lat' dir='ltr'>miserabili</span> 
     </span>
     <span class='ocr_line' id='line_1_69' title="bbox 1060 787 1416 827; baseline 0.003 -7"><span class='ocrx_word' id='word_1_162' title='bbox 1060 787 1192 820; x_wconf 85' lang='lat' dir='ltr'>Foedor</span> <span class='ocrx_word' id='word_1_163' title='bbox 1220 787 1416 827; x_wconf 85' lang='lat' dir='ltr'>corruptela.</span> 
     </span>
    </p>
   </div>
   <div class='ocr_carea' id='block_1_23' title="bbox 1012 865 1429 1250">
    <p class='ocr_par' dir='ltr' id='par_1_31' title="bbox 1012 865 1429 1250">
     <span class='ocr_line' id='line_1_70' title="bbox 1013 865 1428 909; baseline -0.002 -11"><span class='ocrx_word' id='word_1_164' title='bbox 1013 867 1095 909; x_wconf 89' lang='lat' dir='ltr'>Ave,</span> <span class='ocrx_word' id='word_1_165' title='bbox 1124 865 1257 898; x_wconf 91' lang='lat' dir='ltr'>verbum</span> <span class='ocrx_word' id='word_1_166' title='bbox 1284 865 1428 906; x_wconf 85' lang='lat' dir='ltr'>Domini,</span> 
     </span>
     <span class='ocr_line' id='line_1_71' title="bbox 1060 914 1420 956; baseline -0.003 -9"><span class='ocrx_word' id='word_1_167' title='bbox 1060 916 1129 956; x_wconf 79' lang='lat' dir='ltr'>Quo</span> <span class='ocrx_word' id='word_1_168' title='bbox 1156 918 1272 947; x_wconf 88' lang='lat' dir='ltr'>cuncta</span> <span class='ocrx_word' id='word_1_169' title='bbox 1296 914 1420 947; x_wconf 85' lang='lat' dir='ltr'>creavit</span> 
     </span>
     <span class='ocr_line' id='line_1_72' title="bbox 1012 963 1400 1005; baseline -0.003 -9"><span class='ocrx_word' id='word_1_170' title='bbox 1012 964 1121 1005; x_wconf 83' lang='lat' dir='ltr'>Atque</span> <span class='ocrx_word' id='word_1_171' title='bbox 1147 964 1252 1004; x_wconf 91' lang='lat' dir='ltr'>primo</span> <span class='ocrx_word' id='word_1_172' title='bbox 1279 963 1400 996; x_wconf 88' lang='lat' dir='ltr'>homini</span> 
     </span>
     <span class='ocr_line' id='line_1_73' title="bbox 1062 1013 1375 1053; baseline -0.006 -7"><span class='ocrx_word' id='word_1_173' title='bbox 1062 1013 1169 1046; x_wconf 85' lang='lat' dir='ltr'>Vitam</span> <span class='ocrx_word' id='word_1_174' title='bbox 1197 1013 1375 1053; x_wconf 86' lang='lat' dir='ltr'>reparavit,</span> 
     </span>
     <span class='ocr_line' id='line_1_74' title="bbox 1013 1061 1411 1105; baseline -0.003 -11"><span class='ocrx_word' id='word_1_175' title='bbox 1013 1062 1083 1105; x_wconf 80' lang='lat' dir='ltr'>Qui,</span> <span class='ocrx_word' id='word_1_176' title='bbox 1112 1062 1241 1103; x_wconf 86' lang='lat' dir='ltr'>quando</span> <span class='ocrx_word' id='word_1_177' title='bbox 1267 1061 1411 1095; x_wconf 80' lang='lat' dir='ltr'>affamini</span> 
     </span>
     <span class='ocr_line' id='line_1_75' title="bbox 1060 1111 1423 1152; baseline -0.006 -7"><span class='ocrx_word' id='word_1_178' title='bbox 1060 1111 1173 1145; x_wconf 90' lang='lat' dir='ltr'>Hostis</span> <span class='ocrx_word' id='word_1_179' title='bbox 1201 1111 1423 1152; x_wconf 86' lang='lat' dir='ltr'>concordavit,</span> 
     </span>
     <span class='ocr_line' id='line_1_76' title="bbox 1014 1159 1330 1201; baseline -0.003 -9"><span class='ocrx_word' id='word_1_180' title='bbox 1014 1159 1084 1192; x_wconf 91' lang='lat' dir='ltr'>Sibi</span> <span class='ocrx_word' id='word_1_181' title='bbox 1111 1169 1149 1192; x_wconf 86' lang='lat' dir='ltr'>ac</span> <span class='ocrx_word' id='word_1_182' title='bbox 1175 1160 1330 1201; x_wconf 83' lang='lat' dir='ltr'>genimini</span> 
     </span>
     <span class='ocr_line' id='line_1_77' title="bbox 1062 1209 1429 1250; baseline -0.003 -8"><span class='ocrx_word' id='word_1_183' title='bbox 1062 1210 1202 1243; x_wconf 84' lang='lat' dir='ltr'>Mortem</span> <span class='ocrx_word' id='word_1_184' title='bbox 1228 1209 1429 1250; x_wconf 87' lang='lat' dir='ltr'>procuravit.</span> 
     </span>
    </p>
   </div>
   <div class='ocr_carea' id='block_1_24' title="bbox 1013 1289 1441 1673">
    <p class='ocr_par' dir='ltr' id='par_1_32' title="bbox 1013 1289 1441 1673">
     <span class='ocr_line' id='line_1_78' title="bbox 1013 1289 1322 1331; baseline 0 -10"><span class='ocrx_word' id='word_1_185' title='bbox 1013 1289 1095 1330; x_wconf 88' lang='lat' dir='ltr'>Ave,</span> <span class='ocrx_word' id='word_1_186' title='bbox 1124 1297 1141 1320; x_wconf 97' lang='lat' dir='ltr'>o</span> <span class='ocrx_word' id='word_1_187' title='bbox 1168 1289 1322 1331; x_wconf 72' lang='lat' dir='ltr'>suavitas,</span> 
     </span>
     <span class='ocr_line' id='line_1_79' title="bbox 1062 1337 1352 1378; baseline -0.007 -7"><span class='ocrx_word' id='word_1_188' title='bbox 1062 1337 1158 1371; x_wconf 86' lang='lat' dir='ltr'>Omni</span> <span class='ocrx_word' id='word_1_189' title='bbox 1182 1338 1352 1378; x_wconf 78' lang='lat' dir='ltr'>voluptate</span> 
     </span>
     <span class='ocr_line' id='line_1_80' title="bbox 1013 1386 1424 1428; baseline 0.002 -10"><span class='ocrx_word' id='word_1_190' title='bbox 1013 1386 1161 1428; x_wconf 89' lang='lat' dir='ltr'>Dulcior,</span> <span class='ocrx_word' id='word_1_191' title='bbox 1189 1396 1252 1427; x_wconf 90' lang='lat' dir='ltr'>qua</span> <span class='ocrx_word' id='word_1_192' title='bbox 1277 1387 1424 1428; x_wconf 79' lang='lat' dir='ltr'>pravitas</span> 
     </span>
     <span class='ocr_line' id='line_1_81' title="bbox 1062 1435 1347 1468; baseline -0.004 0"><span class='ocrx_word' id='word_1_193' title='bbox 1062 1435 1185 1468; x_wconf 81' lang='lat' dir='ltr'>Mentis</span> <span class='ocrx_word' id='word_1_194' title='bbox 1212 1436 1347 1468; x_wconf 82' lang='lat' dir='ltr'>vitiatae</span> 
     </span>
     <span class='ocr_line' id='line_1_82' title="bbox 1014 1484 1382 1524; baseline -0.003 -7"><span class='ocrx_word' id='word_1_195' title='bbox 1014 1484 1164 1524; x_wconf 78' lang='lat' dir='ltr'>Pellitur,</span> <span class='ocrx_word' id='word_1_196' title='bbox 1193 1488 1226 1516; x_wconf 90' lang='lat' dir='ltr'>et</span> <span class='ocrx_word' id='word_1_197' title='bbox 1251 1484 1382 1517; x_wconf 87' lang='lat' dir='ltr'>bonitas</span> 
     </span>
     <span class='ocr_line' id='line_1_83' title="bbox 1063 1533 1348 1567; baseline 0 -1"><span class='ocrx_word' id='word_1_198' title='bbox 1063 1533 1118 1566; x_wconf 81' lang='lat' dir='ltr'>llli</span> <span class='ocrx_word' id='word_1_199' title='bbox 1146 1533 1242 1566; x_wconf 75' lang='lat' dir='ltr'>(latur</span> <span class='ocrx_word' id='word_1_200' title='bbox 1269 1544 1289 1567; x_wconf 89' lang='lat' dir='ltr'>a</span> <span class='ocrx_word' id='word_1_201' title='bbox 1314 1537 1348 1566; x_wconf 85' lang='lat' dir='ltr'>te</span> 
     </span>
     <span class='ocr_line' id='line_1_84' title="bbox 1014 1583 1441 1628; baseline 0 -12"><span class='ocrx_word' id='word_1_202' title='bbox 1014 1583 1227 1624; x_wconf 86' lang='lat' dir='ltr'>Tandemque</span> <span class='ocrx_word' id='word_1_203' title='bbox 1253 1583 1441 1628; x_wconf 76' lang='lat' dir='ltr'>aeternitas,</span> 
     </span>
     <span class='ocr_line' id='line_1_85' title="bbox 1063 1632 1381 1673; baseline 0.006 -9"><span class='ocrx_word' id='word_1_204' title='bbox 1063 1635 1132 1673; x_wconf 63' lang='lat' dir='ltr'>Qua</span> <span class='ocrx_word' id='word_1_205' title='bbox 1158 1632 1249 1665; x_wconf 80' lang='lat' dir='ltr'>vivat</span> <span class='ocrx_word' id='word_1_206' title='bbox 1273 1633 1381 1667; x_wconf 87' lang='lat' dir='ltr'>beate.</span> 
     </span>
    </p>
   </div>
   <div class='ocr_carea' id='block_1_25' title="bbox 1011 1711 1458 2094">
    <p class='ocr_par' dir='ltr' id='par_1_33' title="bbox 1011 1711 1458 2094">
     <span class='ocr_line' id='line_1_86' title="bbox 1011 1711 1344 1751; baseline 0 -8"><span class='ocrx_word' id='word_1_207' title='bbox 1011 1711 1094 1751; x_wconf 83' lang='lat' dir='ltr'>Ave,</span> <span class='ocrx_word' id='word_1_208' title='bbox 1121 1711 1165 1743; x_wconf 90' lang='lat' dir='ltr'>mi</span> <span class='ocrx_word' id='word_1_209' title='bbox 1192 1712 1344 1745; x_wconf 85' lang='lat' dir='ltr'>amabilis</span> 
     </span>
     <span class='ocr_line' id='line_1_87' title="bbox 1063 1761 1389 1804; baseline 0 -10"><span class='ocrx_word' id='word_1_210' title='bbox 1063 1764 1172 1801; x_wconf 86' lang='lat' dir='ltr'>Atque</span> <span class='ocrx_word' id='word_1_211' title='bbox 1197 1761 1389 1804; x_wconf 83' lang='lat' dir='ltr'>reverende,</span> 
     </span>
     <span class='ocr_line' id='line_1_88' title="bbox 1013 1809 1406 1851; baseline 0.003 -8"><span class='ocrx_word' id='word_1_212' title='bbox 1013 1809 1151 1851; x_wconf 82' lang='lat' dir='ltr'>Semper</span> <span class='ocrx_word' id='word_1_213' title='bbox 1176 1811 1256 1843; x_wconf 89' lang='lat' dir='ltr'>mihi</span> <span class='ocrx_word' id='word_1_214' title='bbox 1282 1811 1406 1844; x_wconf 87' lang='lat' dir='ltr'>sedulis</span> 
     </span>
     <span class='ocr_line' id='line_1_89' title="bbox 1062 1859 1384 1905; baseline 0 -13"><span class='ocrx_word' id='word_1_215' title='bbox 1062 1859 1152 1892; x_wconf 86' lang='lat' dir='ltr'>Votis</span> <span class='ocrx_word' id='word_1_216' title='bbox 1179 1860 1384 1905; x_wconf 87' lang='lat' dir='ltr'>requirende,</span> 
     </span>
     <span class='ocr_line' id='line_1_90' title="bbox 1011 1909 1337 1943; baseline -0.003 -1"><span class='ocrx_word' id='word_1_217' title='bbox 1011 1909 1114 1942; x_wconf 87' lang='lat' dir='ltr'>Prece</span> <span class='ocrx_word' id='word_1_218' title='bbox 1139 1909 1337 1943; x_wconf 84' lang='lat' dir='ltr'>venerabilis</span> 
     </span>
     <span class='ocr_line' id='line_1_91' title="bbox 1062 1959 1423 2001; baseline 0 -9"><span class='ocrx_word' id='word_1_219' title='bbox 1062 1959 1181 1992; x_wconf 84' lang='lat' dir='ltr'>Matris</span> <span class='ocrx_word' id='word_1_220' title='bbox 1209 1959 1423 2001; x_wconf 86' lang='lat' dir='ltr'>apprehende</span> 
     </span>
     <span class='ocr_line' id='line_1_92' title="bbox 1013 2008 1358 2049; baseline -0.003 -8"><span class='ocrx_word' id='word_1_221' title='bbox 1013 2009 1118 2042; x_wconf 87' lang='lat' dir='ltr'>Arma</span> <span class='ocrx_word' id='word_1_222' title='bbox 1144 2011 1175 2040; x_wconf 89' lang='lat' dir='ltr'>et</span> <span class='ocrx_word' id='word_1_223' title='bbox 1202 2008 1358 2049; x_wconf 89' lang='lat' dir='ltr'>periculis</span> 
     </span>
     <span class='ocr_line' id='line_1_93' title="bbox 1063 2057 1458 2094; baseline 0.005 -2"><span class='ocrx_word' id='word_1_224' title='bbox 1063 2058 1195 2092; x_wconf 89' lang='lat' dir='ltr'>Cunctis</span> <span class='ocrx_word' id='word_1_225' title='bbox 1221 2068 1279 2092; x_wconf 90' lang='lat' dir='ltr'>nos</span> <span class='ocrx_word' id='word_1_226' title='bbox 1308 2057 1458 2094; x_wconf 82' lang='lat' dir='ltr'>defende.</span> 
     </span>
    </p>
   </div>
   <div class='ocr_carea' id='block_1_26' title="bbox 976 2135 1405 2178">
    <p class='ocr_par' dir='ltr' id='par_1_34' title="bbox 976 2135 1405 2178">
     <span class='ocr_line' id='line_1_94' title="bbox 976 2135 1405 2178; baseline -0.005 -6"><span class='ocrx_word' id='word_1_227' title='bbox 976 2164 984 2172; x_wconf 89' lang='lat'><strong>.</strong></span> <span class='ocrx_word' id='word_1_228' title='bbox 1012 2139 1095 2178; x_wconf 84' lang='lat' dir='ltr'>Ave,</span> <span class='ocrx_word' id='word_1_229' title='bbox 1124 2135 1196 2169; x_wconf 88' lang='lat' dir='ltr'>fons</span> <span class='ocrx_word' id='word_1_230' title='bbox 1222 2137 1405 2170; x_wconf 85' lang='lat' dir='ltr'>munditiae</span> 
     </span>
    </p>
   </div>
   <div class='ocr_carea' id='block_1_27' title="bbox 1011 2186 1465 2529">
    <p class='ocr_par' dir='ltr' id='par_1_35' title="bbox 1011 2186 1465 2529">
     <span class='ocr_line' id='line_1_95' title="bbox 1061 2186 1431 2221; baseline 0 -1"><span class='ocrx_word' id='word_1_231' title='bbox 1061 2187 1209 2221; x_wconf 88' lang='lat' dir='ltr'>Abluens</span> <span class='ocrx_word' id='word_1_232' title='bbox 1236 2186 1431 2220; x_wconf 87' lang='lat' dir='ltr'>fermentum</span> 
     </span>
     <span class='ocr_line' id='line_1_96' title="bbox 1015 2237 1285 2270; baseline 0 0"><span class='ocrx_word' id='word_1_233' title='bbox 1015 2237 1285 2270; x_wconf 89' lang='lat' dir='ltr'>Inoboedientiae</span> 
     </span>
     <span class='ocr_line' id='line_1_97' title="bbox 1063 2287 1453 2331; baseline 0.003 -12"><span class='ocrx_word' id='word_1_234' title='bbox 1063 2287 1245 2319; x_wconf 85' lang='lat' dir='ltr'>Primorum</span> <span class='ocrx_word' id='word_1_235' title='bbox 1268 2289 1453 2331; x_wconf 84' lang='lat' dir='ltr'>parentum,</span> 
     </span>
     <span class='ocr_line' id='line_1_98' title="bbox 1011 2336 1356 2370; baseline 0.003 -1"><span class='ocrx_word' id='word_1_236' title='bbox 1011 2336 1109 2369; x_wconf 86' lang='lat' dir='ltr'>Meae</span> <span class='ocrx_word' id='word_1_237' title='bbox 1137 2337 1356 2370; x_wconf 88' lang='lat' dir='ltr'>conscientiae</span> 
     </span>
     <span class='ocr_line' id='line_1_99' title="bbox 1063 2385 1433 2420; baseline -0.003 -1"><span class='ocrx_word' id='word_1_238' title='bbox 1063 2385 1190 2419; x_wconf 86' lang='lat' dir='ltr'>Statum</span> <span class='ocrx_word' id='word_1_239' title='bbox 1217 2385 1433 2420; x_wconf 87' lang='lat' dir='ltr'>foetulentum</span> 
     </span>
     <span class='ocr_line' id='line_1_100' title="bbox 1011 2435 1393 2478; baseline 0 -10"><span class='ocrx_word' id='word_1_240' title='bbox 1011 2435 1140 2469; x_wconf 83' lang='lat' dir='ltr'>Munda.</span> <span class='ocrx_word' id='word_1_241' title='bbox 1164 2438 1241 2469; x_wconf 88' lang='lat' dir='ltr'>tuae</span> <span class='ocrx_word' id='word_1_242' title='bbox 1266 2436 1393 2478; x_wconf 85' lang='lat' dir='ltr'>gratiae</span> 
     </span>
     <span class='ocr_line' id='line_1_101' title="bbox 1060 2484 1465 2529; baseline 0.005 -11"><span class='ocrx_word' id='word_1_243' title='bbox 1060 2484 1220 2527; x_wconf 84' lang='lat' dir='ltr'>Largiens</span> <span class='ocrx_word' id='word_1_244' title='bbox 1246 2488 1465 2529; x_wconf 84' lang='lat' dir='ltr'>augmentum.</span> 
     </span>
    </p>
   </div>
  </div>
 </body>
</html>
