1650 2671
781 112 1045 149 —183—

261 207 319 242 16.
346 208 429 251 Ave,
454 210 559 240 mater
583 208 699 243 inclita

391 256 589 298 Sempiterni
615 259 712 302 regis,

345 306 434 347 Quae
459 315 519 347 per
545 310 602 340 tua
622 309 740 342 merita

392 355 513 397 Culpas
539 360 669 391 nostras
696 359 790 401 tegis,

342 404 502 446 Populum
531 406 655 440 civilita

391 453 570 488 Christiani
597 457 704 498 gregis

337 504 515 544 Ipsumque
540 504 680 539 habilita

386 554 440 586 Ad
465 554 622 587 mandata
647 555 740 597 legis,

257 631 313 665 17.
341 632 425 676 Ave,
454 633 579 666 cunctis
605 635 750 667 sanctior

393 681 532 723 Sanctis,
561 692 579 715 o
605 683 724 725 Maria,

340 731 401 764 Cui
426 730 532 764 libens
558 730 701 765 famulor

385 780 459 813 Hac
482 780 518 812 in
542 781 680 821 poetria,

333 828 475 870 Laqueis
502 838 726 870 praeoccupor

378 877 500 910 Positis
526 877 558 909 in
587 878 649 921 via,

330 925 401 958 Hos
430 925 606 967 disrumpe,
638 927 798 968 deprecor

380 976 438 1016 Te,
467 983 486 1007 o
510 975 602 1017 virgo
627 976 746 1010 Maria.

247 1053 303 1088 18.
331 1054 415 1095 Ave,
445 1054 530 1095 regis
559 1055 672 1088 caelici

380 1102 559 1136 Thalamus
586 1104 732 1149 pudoris,

333 1151 438 1185 Vinea
464 1154 499 1184 tu
524 1152 690 1195 Engaddi‚

379 1201 551 1234 Balsamus
577 1202 699 1244 odoris,

329 1250 411 1283 Esto
436 1250 501 1283 mei
527 1250 646 1284 lubrici

381 1299 516 1333 Clibano
542 1300 671 1333 ardoris

330 1348 480 1382 Calorem
509 1348 617 1382 deifici

379 1398 541 1431 Tribuens
567 1400 697 1434 amoris.

243 1477 298 1511 19.
327 1477 410 1518 Ave,
440 1477 530 1510 cuius
556 1476 616 1510 filii

375 1529 406 1559 A
433 1530 529 1569 patre
554 1527 701 1569 legamen

326 1575 478 1609 Hominis
505 1576 612 1608 exsilii

376 1625 457 1658 Fuit
481 1625 678 1670 relevamen,

327 1674 437 1707 Tortis
464 1684 525 1715 per
550 1675 694 1709 incendii

376 1724 488 1767 Stygis
517 1725 559 1757 da
584 1734 764 1767 purgamen

326 1774 505 1807 Clementis
532 1774 673 1807 subsidii

374 1823 436 1856 Tui
464 1824 683 1857 consolamen.

242 1903 299 1935 20.
329 1903 411 1944 Ave,
437 1911 519 1943 prae
541 1902 739 1936 carbunculo

378 1951 564 1992 splendens
591 1953 779 1995 margarita,

332 2001 396 2034 Per
422 2010 518 2043 quam
544 2001 621 2034 huic
646 2003 777 2035 saeculo

377 2052 462 2083 Vera
489 2051 579 2084 venit
605 2051 683 2092 vita,

323 2100 401 2134 Mea
427 2108 519 2133 mens
545 2102 678 2134 oraculo

376 2152 447 2185 Tuo
473 2149 518 2182 sit
543 2151 678 2192 munita,

326 2200 376 2233 Ne
401 2199 515 2233 hostili
543 2200 673 2234 vinculo

374 2250 481 2284 Cadat
505 2250 648 2284 irretita.

239 2330 297 2365 21.
326 2330 408 2375 Ave,
437 2329 529 2363 cuius
555 2330 699 2363 animum

374 2380 501 2413 Pressit
527 2381 735 2422 maestitudo,

327 2429 407 2464 Cum
433 2430 583 2472 gravavit
609 2429 711 2464 filium

372 2480 503 2513 Poenae
528 2480 714 2525 gravitudo,

1044 213 1116 247 Tua
1142 217 1232 246 tuum
1258 211 1414 246 famulum

1096 263 1209 297 Salvet
1233 262 1392 304 lenitudo,

1045 312 1145 353 Quem
1171 311 1345 353 perturbat
1370 312 1546 352 plurimum

1094 360 1210 395 Gordis
1236 361 1431 394 amaritudO.

959 441 1015 474 22.
1042 440 1125 482 Ave,
1153 440 1250 472 stella
1278 439 1398 472 clarius

953 861 1016 893 23.

950 1284 1006 1316 24.

950 1710 1008 1742 25.

948 2135 1005 2168 26.

1091 488 1237 522 Radians
1264 498 1359 529 quam
1385 489 1473 533 luna,

1044 538 1120 570 Tibi
1146 536 1382 570 famulantibus

1091 586 1257 620 Praebens
1284 590 1478 631 opportuna,

1043 635 1112 668 Deo
1139 635 1203 667 tuis
1229 635 1393 676 precibus,

1091 684 1227 724 Quaeso,
1254 692 1306 715 me
1332 684 1453 726 aduna,

1042 733 1140 766 Caleo
1166 732 1304 764 interius

1090 782 1150 821 Qui
1178 781 1306 820 peccati
1332 790 1448 822 pruna.

1044 861 1126 898 Ave,
1157 868 1253 899 quam
1278 868 1365 892 nunc
1392 860 1548 900 praedico

1088 909 1153 942 Per
1182 907 1328 940 divinum
1356 913 1467 940 nutum

1041 957 1195 991 Carmine
1220 957 1350 997 poetico

1085 1006 1259 1040 Dominam
1286 1006 1456 1047 virtutum,

1035 1056 1076 1089 In
1102 1056 1274 1096 procinctu
1303 1055 1423 1088 bellico

1084 1105 1123 1139 In
1151 1105 1274 1137 hostem
1303 1108 1470 1137 versutum

1036 1154 1152 1187 Statim
1179 1153 1258 1185 mihi
1285 1153 1375 1186 illico

1082 1203 1195 1237 Precis
1222 1203 1344 1243 praebe
1369 1205 1507 1237 scutum.

1034 1283 1116 1327 Ave,
1148 1283 1182 1315 in
1209 1291 1305 1323 quam
1332 1280 1452 1315 fortius

1085 1333 1165 1365 Post
1190 1331 1297 1363 Deum
1324 1330 1463 1368 confido,

1035 1382 1100 1414 Per
1126 1390 1221 1423 quam
1250 1380 1359 1413 cordis
1388 1380 1483 1414 citius

1086 1429 1228 1463 Pellitur
1253 1428 1407 1470 formido,

1035 1479 1092 1512 Me
1119 1488 1190 1512 cum
1216 1482 1357 1521 temptat
1382 1480 1490 1514 acrius

1082 1529 1225 1562 Honoris
1250 1528 1381 1569 cupido,

1033 1577 1177 1620 Suggere
1203 1578 1346 1610 velocius

1083 1629 1223 1668 Poenas,
1251 1637 1333 1668 quas
1359 1625 1514 1662 formido.

1036 1710 1119 1750 Ave,
1147 1708 1248 1748 stirps
1276 1708 1408 1751 eximia,

1082 1758 1136 1790 Ex
1163 1766 1224 1798 qua
1252 1755 1380 1790 fructus
1405 1759 1520 1799 crevit,

1034 1807 1154 1840 Mundi
1180 1807 1235 1847 qui
1262 1806 1404 1840 confinia

1086 1857 1197 1890 Odore
1221 1856 1375 1898 replevit,

1037 1905 1153 1939 Carnis
1180 1905 1292 1938 luxum
1321 1906 1428 1950 expia,

1086 1956 1123 1988 In
1149 1963 1202 1987 me
1227 1955 1283 1996 qui
1309 1955 1466 1997 desaevit,

1034 2005 1081 2037 Et
1104 2014 1192 2038 nunc
1219 2013 1259 2038 ex
1286 2003 1473 2046 frequentia

1084 2054 1183 2095 Quasi
1210 2054 1358 2088 inolevit.

1033 2134 1116 2175 Ave,
1144 2133 1237 2176 virga
1262 2132 1383 2167 fertilis

1082 2184 1134 2217 De
1159 2183 1274 2216 radice
1296 2184 1396 2226 Iesse,

1032 2233 1142 2276 Digna
1167 2233 1367 2267 venerabilis

1081 2283 1145 2316 Dei
1170 2285 1276 2315 mater
1303 2293 1386 2327 esse,

1031 2333 1058 2365 O
1087 2332 1178 2375 virgo
1205 2332 1368 2377 amabilis,

1081 2382 1187 2416 Menti
1212 2391 1305 2415 meae
1331 2381 1439 2416 fessae

1029 2431 1149 2466 Mortis
1175 2432 1208 2465 in
1235 2432 1391 2473 periculis

1084 2482 1239 2524 Digneris
1264 2481 1392 2516 adesse.
