1650 2671
709 130 757 134 —
809 110 878 145 186
928 129 976 133 -

185 211 241 243 49.
270 210 351 253 Ave,
378 219 455 242 arca
481 208 624 242 foederis

319 258 405 292 Novi
431 259 626 303 testamenti,

271 308 407 350 Levigat
434 307 519 349 quod
546 307 667 340 veteris

319 356 449 390 Pondus
475 356 694 396 instrumenti,

270 406 427 447 Squamas
453 404 546 437 aufer
571 405 704 438 sceleris

318 455 429 488 Motus
456 452 642 495 faeculenti,

268 504 328 545 Qui
353 502 394 536 ab
421 503 515 536 annis
539 504 660 536 teneris

316 553 423 586 Instat
447 561 539 585 meae
564 553 677 586 menti.

887 209 944 242 50.
971 210 1053 249 Ave,
1082 219 1177 250 quam
1203 207 1349 250 glorifico

1018 258 1111 291 Istud
1137 267 1196 299 per
1224 258 1397 291 dictamen.

974 305 1072 339 Cuius
1097 316 1196 348 prece
1221 307 1325 340 sentio

1021 356 1156 397 Semper
1181 356 1402 398 sublevamen,

972 404 1072 437 Placa
1094 408 1149 437 tuo
1172 406 1288 438 merito

1021 455 1162 496 Patrem,
1186 458 1309 495 natum,
1336 451 1464 498 flamen,

971 502 1017 535 Ut
1043 502 1083 535 ab
1110 503 1197 535 omni
1224 503 1333 536 debito

1020 551 1076 584 Me
1101 551 1260 585 absolvat.
1310 551 1429 585 Amen.

648 641 965 682 Quinquagena
989 638 1035 673 Π.

198 710 242 742 ῐ1.
270 710 353 749 Ave,
379 708 470 749 virgo
496 708 640 741 siderum

319 757 426 792 Stella
451 757 627 798 primitiva,

271 807 381 839 Arbor
406 806 510 846 pomis
536 816 705 839 munerum

318 855 428 888 Ferax
452 858 490 887 ut
514 855 610 897 oliva,

271 903 479 938 Consolatrix
503 913 695 945 pauperum,

316 953 424 986 Mater
450 952 524 984 Iesu
549 953 635 993 diva,

269 1002 368 1035 Salva
392 1010 455 1040 me,
483 1010 576 1042 quem
603 1002 762 1034 scelerum

317 1051 495 1090 Temptant
520 1050 678 1084 rediviva.

186 1112 243 1144 52.
270 1111 352 1151 Ave,
380 1117 398 1141 ο
426 1108 586 1141 vibrabile

320 1158 428 1199 Sidus,
457 1167 512 1190 cor
537 1158 700 1192 tristatum

268 1207 422 1240 Reddens
451 1207 660 1248 consolabile,

319 1255 422 1290 Noxis
451 1256 654 1296 depuratum,

268 1305 377 1338 Meum
405 1303 459 1336 fac
484 1303 646 1338 frenabile

317 1353 381 1387 Dei
405 1362 466 1393 per
490 1355 690 1398 mandatum,

267 1403 363 1436 Nunc
388 1402 607 1435 abominabile

316 1451 481 1491 Bonisque
506 1452 673 1486 nudatum.

186 1512 242 1546 53.
270 1513 350 1554 Ave,
379 1509 430 1541 cui
455 1510 570 1542 merito

314 1559 436 1592 Libens
464 1561 495 1591 et
521 1562 641 1592 ovatim

270 1607 485 1650 Symphonias
512 1608 613 1640 recito

316 1658 425 1699 Atque
448 1657 604 1698 seriatim,

272 1706 357 1739 Mihi
382 1706 474 1747 quasi
499 1707 629 1746 perdito

319 1755 462 1790 Subveni
488 1755 612 1787 citatim

268 1805 314 1838 Et
338 1804 467 1838 solvens
494 1814 512 1836 a
540 1804 649 1837 debito

321 1854 410 1886 Voca
435 1853 635 1887 nominatim.

185 1914 239 1946 54.
268 1914 349 1952 Ave,
376 1921 459 1952 quae
483 1912 677 1954 prophetica

316 1962 445 1995 Littera
470 1970 625 2001 expresse

272 2010 432 2043 Scriberis
461 2009 558 2043 deifia

321 2059 442 2093 Christi
467 2063 572 2092 mater
599 2069 680 2101 esse,

269 2108 294 2142 O
322 2117 397 2149 spes
423 2117 494 2141 mea
520 2109 626 2148 unica,

318 2156 388 2191 Mei
412 2158 514 2189 menti
539 2156 648 2190 fessae

269 2207 410 2248 Propter
437 2206 523 2238 bella
548 2207 675 2240 hostica

317 2255 471 2299 Digneris
496 2256 622 2288 adesse.

188 2317 244 2351 55.
272 2316 354 2354 Ave,
381 2313 471 2346 cuius
498 2314 599 2346 cultui

321 2363 446 2404 Colligo
471 2363 657 2405 laudamen‚

274 2415 371 2449 Cuius
398 2422 491 2454 opem
517 2412 617 2445 habui

322 2464 386 2496 Per
412 2465 576 2495 aeternum
603 2460 731 2507 flamen,

968 707 1091 740 Tribue
1115 705 1279 739 conflictui

1016 756 1093 789 Meo
1118 756 1338 793 sublevamen,

969 806 1037 846 Quo
1066 805 1158 846 quasi
1188 805 1341 838 contabui

1016 854 1102 887 Belli
1128 854 1167 886 ob
1195 862 1380 894 gravamen.

885 914 941 947 56.
968 915 1051 953 Ave,
1079 913 1136 945 iris
1163 918 1348 954 temperans

1017 962 1121 994 Nobis
1147 962 1228 994 iram
1255 961 1328 1004 Dei,

968 1010 1094 1043 Mundo
1119 1011 1245 1052 signum
1271 1009 1440 1044 celebrans

1016 1059 1108 1094 Dans
1134 1059 1315 1100 temperiei,

967 1110 1047 1142 Peto
1074 1117 1200 1148 pauper
1226 1107 1415 1141 clamitans:

1015 1157 1177 1190 Miserere
1203 1157 1275 1199 mei,

967 1206 1054 1239 Nato
1078 1206 1124 1239 sis
1151 1206 1328 1239 concilians

1018 1256 1075 1288 Me
1097 1258 1287 1296 peccantem
1314 1254 1354 1286 ei.

885 1316 942 1350 57.
968 1315 1052 1354 Ave,
1081 1314 1188 1355 campi
1214 1314 1327 1347 caelici

1016 1363 1166 1396 Herbula
1191 1362 1345 1401 formosa,

969 1412 1140 1446 Medicans
1168 1411 1322 1445 catholici

1018 1460 1135 1502 Gregis
1161 1461 1359 1501 morbidosa‚

967 1509 1079 1543 Refice
1103 1510 1283 1550 hymnidici

1016 1559 1080 1592 Tui
1105 1559 1239 1592 ruinosa

970 1608 1126 1649 Pelleque
1153 1607 1299 1642 horrifici

1015 1657 1141 1698 Anguis
1167 1666 1340 1692 venenosa.

886 1717 943 1751 58.
972 1718 1052 1756 Ave,
1081 1716 1171 1748 cuius
1197 1716 1300 1749 recito

1019 1765 1140 1798 Laetus
1166 1765 1362 1807 insignimen

971 1814 1090 1855 Sicque
1115 1817 1206 1846 tuum
1231 1813 1342 1856 flagito

1018 1863 1164 1896 Devotus
1186 1864 1338 1904 lenimen,

969 1911 1112 1945 Auferas
1139 1916 1176 1944 ut
1201 1913 1309 1946 subito

1019 1963 1051 1996 A
1077 1971 1128 1994 me
1154 1961 1343 1995 fastidimen

970 2011 1016 2044 Et
1043 2021 1113 2044 cum
1142 2011 1235 2044 hoste
1260 2011 1394 2053 perdito

1018 2061 1178 2093 Eiusdem
1203 2062 1367 2094 molimen.

891 2120 946 2153 59.
974 2121 1057 2162 Ave,
1084 2120 1362 2163 obumbraculum,

1020 2168 1059 2201 In
1083 2178 1145 2209 quo
1172 2169 1261 2201 vitae
1283 2170 1409 2210 lignum

973 2217 1094 2261 Crevit,
1121 2227 1215 2250 omne
1242 2217 1396 2250 frivolum

1021 2267 1151 2300 Pellens
1181 2270 1214 2299 et
1237 2267 1425 2308 malignum,

972 2315 1069 2349 Sume
1095 2316 1190 2357 pedis
1216 2317 1360 2349 osculum

1022 2365 1070 2399 Ob
1097 2366 1217 2398 amoris
1243 2366 1381 2408 signum,

975 2415 1055 2456 Quo,
1082 2424 1210 2457 precor,
1233 2416 1265 2448 in
1291 2415 1457 2449 saeculum

1023 2464 1142 2497 Facias
1171 2474 1219 2498 mo
1248 2466 1391 2507 dignum.
