1650 2671
747 130 1011 167 —141-

201 231 259 264 57.
276 231 385 275 Salve,
415 239 498 272 quae
526 231 646 264 ducatu
673 231 820 272 angelico

268 279 444 313 Exsaltata
470 288 504 312 es
529 289 629 321 super
654 280 775 324 sidera,

270 329 327 362 Me
353 331 394 363 ab
422 328 496 370 igne
522 332 592 362 tuta
618 327 762 362 venefico

267 378 474 419 Propinante
481 378 641 419 philtrum
649 387 708 418 per
716 378 853 412 scelera.

198 458 256 491 58.
271 456 379 499 Salve,
404 456 498 498 virgo
525 457 616 490 euius
644 457 806 498 corrigiae

270 505 396 540 Chorus
423 504 542 538 adfluit
567 506 779 547 apostolicus,

267 555 349 598 Tuo,
377 556 602 600 deprecamur,
631 554 785 596 suffragio

274 605 457 638 Adiuvetur
484 607 594 637 coetus
622 604 814 637 catholicus.

199 684 256 717 59.
276 682 382 727 Salve,
411 683 518 727 stella,
548 683 638 715 cuius
664 681 837 715 micamine

275 732 491 765 Illustrantur
518 732 619 764 corda
644 731 835 772 maerentia,

274 781 345 813 Tuo
371 782 473 820 solve,
501 789 627 825 precor,
656 779 802 812 oramine

272 829 416 875 Infinita,
444 838 528 870 quae
553 829 649 874 gessi,
678 828 768 862 vitia.

201 909 257 943 60.
276 908 384 953 Salve,
412 907 513 940 turris
537 917 556 940 o
582 906 794 951 invincibilis,

275 957 399 991 Contra
425 956 536 989 hostes

349 1006 430 1039 dans
456 1004 713 1046 propugnacula,

274 1055 322 1088 Te
342 1056 511 1097 rogantem
526 1054 576 1087 his
589 1053 723 1087 laudum
739 1053 845 1086 titulis

275 1104 313 1137 In
341 1107 474 1137 aeterna
500 1103 564 1136 duc
587 1103 810 1136 tabernacula.

200 1184 258 1217 61.
280 1183 388 1218 Salve.
417 1184 523 1215 mater
548 1181 764 1222 salutigeruli,

278 1231 466 1273 Concepisti
480 1240 573 1272 quem
589 1234 703 1264 sancto
715 1230 845 1271 spiritu,

276 1280 499 1315 Gubernatrix
526 1280 570 1313 sis
597 1280 644 1313 tui
672 1279 785 1312 famuli

280 1330 331 1363 Ab
359 1334 494 1363 aeterno
521 1338 656 1362 servans
682 1329 829 1362 interitu.

201 1411 257 1445 62.
279 1409 389 1451 Salve,
419 1409 510 1440 cuius
537 1408 687 1441 videntes
714 1406 830 1440 faciem

275 1459 481 1492 Recreantur
507 1457 616 1490 cordis
642 1457 836 1497 mulcedine,

273 1508 398 1541 Mentis
414 1515 506 1539 meae
517 1507 685 1549 impingua
698 1506 846 1552 maciem,

278 1557 435 1591 Caritatis
457 1555 521 1588 Dei
546 1555 760 1598 pinguedine.

201 1633 258 1667 63.
280 1631 389 1674 Salve,
410 1630 554 1663 candens
571 1628 631 1663 fios
649 1638 748 1670 super
766 1629 846 1670 lilia,

274 1681 459 1715 Odoramen
489 1679 570 1713 dans
597 1678 818 1724 castimoniae,

275 1730 359 1765 Tela
382 1728 487 1764 hostis
515 1728 568 1761 fac
594 1738 646 1761 me
671 1728 806 1762 subtilia

277 1779 443 1821 Superare
466 1777 501 1811 vi
524 1778 773 1813 sanctimoniae.

201 1856 258 1888 64.
274 1853 382 1895 Salve,
409 1852 498 1886 cuius
516 1852 631 1886 laudes
649 1851 845 1894 hymnificas

272 1903 471 1937 Geeinerunt
495 1912 622 1936 summa
645 1902 831 1944 praesagia,

274 1952 343 1985 Nos
369 1953 402 1984 in
427 1952 534 1984 locum

352 2002 425 2041 duc,
455 2009 548 2042 quem
574 1999 751 2042 inhabitas,

278 2051 359 2093 Tua,
389 2051 558 2094 deprecor,
583 2060 647 2093 per
673 2049 839 2092 suffragia,

203 2127 260 2161 65.
277 2125 385 2167 Salve,
414 2125 515 2169 virgo,
544 2134 628 2166 quae
652 2123 845 2157 iubilamine

277 2175 395 2209 Cordis
414 2174 519 2209 Deum
547 2174 663 2208 laudas
686 2173 848 2219 hilariter,

278 2225 367 2259 Odas
394 2228 468 2258 tuas
494 2222 660 2265 frequenti
686 2224 814 2257 rumine

278 2275 514 2309 Concinentem
540 2274 633 2307 salva
649 2273 851 2316 perenniter.

203 2350 261 2383 66.
277 2349 386 2393 Salve,
415 2348 519 2390 sidus,
547 2348 638 2381 cuius
665 2357 685 2380 a
710 2347 839 2389 superis

276 2398 402 2440 Fulgor
419 2398 531 2443 micat,
551 2401 586 2431 ut
601 2406 660 2431 nos
673 2397 849 2441 illuminet,

276 2448 470 2481 Voluntates
497 2447 531 2480 in
558 2447 671 2481 mundi
698 2446 844 2480 tenebris

278 2497 377 2531 Lucis
403 2500 481 2531 tuae
506 2497 665 2539 splendor
689 2496 839 2531 irradiet.

909 231 965 265 67.
980 230 1089 271 Salve,
1118 229 1208 261 cuius
1235 231 1285 261 est
1310 235 1370 268 per
1393 225 1551 259 auxilium

979 277 1147 312 Diminuta
1172 277 1300 310 hostilis
1328 275 1493 319 dynamin,

978 328 1093 370 Tuum,
1121 335 1251 368 quaeso,
1279 325 1417 358 ostende
1442 323 1545 357 filium

978 377 1065 409 Mihi
1090 375 1377 416 contemplandum

1054 434 1127 459 cum
1152 424 1336 458 Beniamin.

906 496 963 530 68.
980 494 1087 534 Salve,
1118 493 1249 535 dignum
1275 492 1339 525 Dei
1364 493 1544 525 sacrarium

979 544 1194 577 Perornatum
1215 542 1341 574 cunctis
1361 541 1548 584 virtutibus,

977 592 1025 624 Te
1050 591 1216 624 laudantis
1241 590 1382 623 emunda
1397 591 1548 632 animam,

980 640 1203 674 Putrefactam
1229 639 1359 680 peceati
1385 637 1542 673 faecibus.

907 720 965 754 69.
981 718 1089 759 Salve,
1116 717 1301 759 margarita
1327 716 1541 759 splendifera,

978 767 1141 800 Diadema
1167 776 1289 801 ornans
1317 765 1479 808 altissimi,

978 815 1183 849 Adiuvamen
1211 825 1317 849 meum
1343 815 1501 855 accelera,

980 865 1081 904 Quem
1106 863 1266 897 infestant

1050 914 1161 947 hostes
1188 913 1382 947 taeterrimi.

907 983 963 1016 70.
979 982 1088 1026 Salve,
1116 991 1212 1023 quam
1239 983 1301 1016 hac

1053 1032 1117 1065 oda
1142 1031 1389 1073 psalmigrapha

985 1081 1100 1114 Laudo
1127 1080 1320 1121 gloriantem
1346 1080 1381 1112 in
1408 1082 1545 1122 superis,

983 1130 1194 1162 Peccatorum
1224 1130 1298 1162 dele
1322 1129 1548 1172 chirographa,

983 1178 1146 1212 Vanitatis
1170 1188 1253 1220 quae
1270 1179 1404 1219 scripsit
1420 1179 1552 1214 litteris,

910 1258 966 1291 71.
983 1257 1090 1301 Salve,
1120 1257 1210 1290 cuius
1237 1267 1277 1290 ac
1302 1258 1365 1291 Dei
1387 1256 1456 1290 filio

985 1308 1142 1341 Promunt
1166 1307 1252 1349 magi
1278 1308 1350 1340 an
1376 1316 1522 1351 munera,

982 1356 1123 1390 Irrorari
1151 1366 1210 1389 nos
1236 1356 1406 1389 stillicidio

983 1405 1172 1438 Gratiarum
1198 1405 1340 1447 benigna
1365 1405 1517 1446 impetra.

910 1486 965 1518 72.
982 1484 1089 1526 Salve,
1110 1485 1335 1526 praedicanda
1349 1484 1382 1516 in
1397 1485 1548 1525 saeculis,

981 1533 1549 1578 Summipatrisquamamatunicus,

981 1583 1076 1616 Salus
1102 1582 1196 1616 nobis
1222 1584 1267 1616 sis
1290 1584 1323 1617 in
1350 1583 1516 1627 periculis,

983 1633 1074 1673 Quae
1098 1634 1241 1666 intentat

1057 1682 1161 1716 hostis
1187 1682 1394 1717 altrinsecus,

911 1754 968 1786 73.
983 1751 1092 1796 Salve,
1119 1752 1346 1792 paenitentum
1370 1753 1536 1786 causidiea

986 1801 1260 1842 Consolatrixque

1057 1851 1200 1883 clemens
1226 1851 1372 1894 inopum,

983 1900 1084 1934 Pellis
1110 1908 1192 1945 mea,
1220 1898 1284 1946 fac,
1311 1899 1512 1942 Aethiopica

982 1950 1193 1984 Permutetur
1218 1949 1252 1982 in
1279 1949 1384 1984 vellus
1410 1949 1529 1984 ovium.

915 2021 971 2053 74.
984 2019 1091 2064 Salve,
1121 2019 1197 2052 vitis
1223 2029 1242 2052 o
1269 2018 1461 2063 fructuaria,

986 2069 1063 2102 Vini
1089 2069 1170 2102 meri
1196 2070 1376 2112 propinans
1404 2070 1549 2114 calicem,

982 2119 1151 2152 Potestate
1176 2119 1217 2151 ab
1244 2119 1438 2153 adversaria

985 2168 1102 2211 Tuum,
1129 2177 1261 2210 quaeso,

1062 2216 1204 2251 defende
1230 2219 1423 2260 supplicem.

915 2298 958 2331 75
988 2297 1096 2339 Salve,
1125 2297 1215 2330 cuius
1243 2298 1313 2330 nati
1339 2307 1426 2330 mors
1444 2298 1561 2331 inclita

986 2346 1185 2381 Infernalem
1203 2346 1366 2389 confregit
1380 2356 1557 2389 carcerem,

983 2398 1065 2431 Pete
1088 2396 1179 2438 mihi,
1209 2397 1354 2431 dimittat
1383 2396 1496 2430 debita

987 2447 1075 2480 Ante
1098 2455 1206 2480 meum

1063 2496 1244 2530 discessum
1270 2494 1454 2538 lugubrem.
